[
  {
    "id": 250869,
    "navigateUrl": "/Produkt/Kremy-do-twarzy/LOreal-Paris-Age-Perfect-Zloty-Wiek-rozany-krem-wzmacniajacy-na-dzien-skora-dojrzala-i-pozbawiona-,250869,9223",
    "name": "Age Perfect Z\u0142oty Wiek",
    "caption": "r\u00F3\u017Cany krem wzmacniaj\u0105cy na dzie\u0144, sk\u00F3ra dojrza\u0142a i pozbawiona blasku, 60\u002B",
    "unit": "50 ml",
    "brand": "L\u0027OR\u00C9AL PARIS",
    "oldPrice": 59.99,
    "price": 43.99,
    "loyaltyPrice": null,
    "pricePerUnit": "100 ml = 87,98 z\u0142",
    "loyaltyPricePerUnit": null,
    "danNumber": null,
    "aGroupNrOld": null,
    "vat": 23,
    "height": 0,
    "width": 0,
    "depth": 0,
    "weight": 0,
    "category": "Twarz-Piel\u0119gnacja twarzy-Kremy do twarzy"
  },
  {
    "id": 250871,
    "navigateUrl": "/Produkt/Kremy-do-twarzy/LOreal-Paris-Age-Perfect-Zloty-Wiek-bogaty-krem-wzmacniajacy-na-noc-skora-dojrzala-60-50-ml,250871,9223",
    "name": "Age Perfect Z\u0142oty Wiek",
    "caption": "bogaty krem wzmacniaj\u0105cy na noc, sk\u00F3ra dojrza\u0142a, 60\u002B",
    "unit": "50 ml",
    "brand": "L\u0027OR\u00C9AL PARIS",
    "oldPrice": 59.99,
    "price": 43.99,
    "loyaltyPrice": null,
    "pricePerUnit": "100 ml = 87,98 z\u0142",
    "loyaltyPricePerUnit": null,
    "danNumber": null,
    "aGroupNrOld": null,
    "vat": 23,
    "height": 0,
    "width": 0,
    "depth": 0,
    "weight": 0,
    "category": "Twarz-Piel\u0119gnacja twarzy-Kremy do twarzy"
  },
  {
    "id": 327274,
    "navigateUrl": "/Produkt/Serum/Nivea-Q10-Power-przeciwzmarszczkowy-multifunkcyjny-olejek-pielegnujacy-30-ml,327274,9225",
    "name": "Q10 Power",
    "caption": "przeciwzmarszczkowy, multifunkcyjny olejek piel\u0119gnuj\u0105cy",
    "unit": "30 ml",
    "brand": "NIVEA",
    "oldPrice": 67.99,
    "price": 49.99,
    "loyaltyPrice": null,
    "pricePerUnit": "100 ml = 166,63 z\u0142",
    "loyaltyPricePerUnit": null,
    "danNumber": null,
    "aGroupNrOld": null,
    "vat": 23,
    "height": 0,
    "width": 0,
    "depth": 0,
    "weight": 0,
    "category": "Twarz-Piel\u0119gnacja twarzy-Serum"
  },
  {
    "id": 327268,
    "navigateUrl": "/Produkt/Kremy-do-twarzy/Nivea-Q10-Power-przeciwzmarszczkowy-krem-odzywiajacy-na-dzien-cera-dojrzala-i-wymagajaca-50-ml,327268,9223",
    "name": "Q10 Power",
    "caption": "przeciwzmarszczkowy krem od\u017Cywiaj\u0105cy na dzie\u0144, cera dojrza\u0142a i wymagaj\u0105ca",
    "unit": "50 ml",
    "brand": "NIVEA",
    "oldPrice": 58.99,
    "price": 38.99,
    "loyaltyPrice": null,
    "pricePerUnit": "100 ml = 77,98 z\u0142",
    "loyaltyPricePerUnit": null,
    "danNumber": null,
    "aGroupNrOld": null,
    "vat": 23,
    "height": 0,
    "width": 0,
    "depth": 0,
    "weight": 0,
    "category": "Twarz-Piel\u0119gnacja twarzy-Kremy do twarzy"
  },
  {
    "id": 327270,
    "navigateUrl": "/Produkt/Kremy-do-twarzy/Nivea-Q10-Power-przeciwzmarszczkowy-krem-odzywiajacy-na-noc-cera-dojrzala-i-wymagajaca-50-ml,327270,9223",
    "name": "Q10 Power",
    "caption": "przeciwzmarszczkowy krem od\u017Cywiaj\u0105cy na noc cera dojrza\u0142a i wymagaj\u0105ca",
    "unit": "50 ml",
    "brand": "NIVEA",
    "oldPrice": 58.99,
    "price": 38.99,
    "loyaltyPrice": null,
    "pricePerUnit": "100 ml = 77,98 z\u0142",
    "loyaltyPricePerUnit": null,
    "danNumber": null,
    "aGroupNrOld": null,
    "vat": 23,
    "height": 0,
    "width": 0,
    "depth": 0,
    "weight": 0,
    "category": "Twarz-Piel\u0119gnacja twarzy-Kremy do twarzy"
  },
  {
    "id": 331792,
    "navigateUrl": "/Produkt/Kremy-do-twarzy/Janda-Collagen-Reconstructor-krem-pod-oczy-redukujacy-zmarszczki-i-cienie-pod-oczami-15-ml,331792,9223",
    "name": "Collagen Reconstructor",
    "caption": "krem pod oczy redukuj\u0105cy zmarszczki i cienie pod oczami",
    "unit": "15 ml",
    "brand": "JANDA",
    "oldPrice": 35.99,
    "price": 26.99,
    "loyaltyPrice": null,
    "pricePerUnit": "100 ml = 179,93 z\u0142",
    "loyaltyPricePerUnit": null,
    "danNumber": null,
    "aGroupNrOld": null,
    "vat": 23,
    "height": 0,
    "width": 0,
    "depth": 0,
    "weight": 0,
    "category": "Twarz-Piel\u0119gnacja twarzy-Kremy do twarzy"
  },
  {
    "id": 331796,
    "navigateUrl": "/Produkt/Serum/Janda-Collagen-Reconstructor-odmladzajace-serum-odzywka-na-twarz-szyje-i-dekolt-50-ml,331796,9225",
    "name": "Collagen Reconstructor",
    "caption": "odm\u0142adzaj\u0105ce serum-od\u017Cywka na twarz, szyj\u0119 i dekolt",
    "unit": "50 ml",
    "brand": "JANDA",
    "oldPrice": 50.99,
    "price": 39.99,
    "loyaltyPrice": null,
    "pricePerUnit": "100 ml = 79,98 z\u0142",
    "loyaltyPricePerUnit": null,
    "danNumber": null,
    "aGroupNrOld": null,
    "vat": 23,
    "height": 0,
    "width": 0,
    "depth": 0,
    "weight": 0,
    "category": "Twarz-Piel\u0119gnacja twarzy-Serum"
  },
  {
    "id": 331788,
    "navigateUrl": "/Produkt/Kremy-do-twarzy/Janda-Collagen-Reconstructor-ujedrniajacy-krem-redukujacy-zmarszczki-z-naturalnym-kolagenem-na-dzie,331788,9223",
    "name": "Collagen Reconstructor",
    "caption": "uj\u0119drniaj\u0105cy krem redukuj\u0105cy zmarszczki z naturalnym kolagenem na dzie\u0144",
    "unit": "50 ml",
    "brand": "JANDA",
    "oldPrice": 50.99,
    "price": 39.99,
    "loyaltyPrice": null,
    "pricePerUnit": "100 ml = 79,98 z\u0142",
    "loyaltyPricePerUnit": null,
    "danNumber": null,
    "aGroupNrOld": null,
    "vat": 23,
    "height": 0,
    "width": 0,
    "depth": 0,
    "weight": 0,
    "category": "Twarz-Piel\u0119gnacja twarzy-Kremy do twarzy"
  },
  {
    "id": 331790,
    "navigateUrl": "/Produkt/Kremy-do-twarzy/Janda-Collagen-Reconstructor-ujedrniajacy-krem-redukujacy-zmarszczki-z-naturalnym-kolagenem-na-noc-,331790,9223",
    "name": "Collagen Reconstructor",
    "caption": "uj\u0119drniaj\u0105cy krem redukuj\u0105cy zmarszczki z naturalnym kolagenem na noc",
    "unit": "50 ml",
    "brand": "JANDA",
    "oldPrice": 50.99,
    "price": 39.99,
    "loyaltyPrice": null,
    "pricePerUnit": "100 ml = 79,98 z\u0142",
    "loyaltyPricePerUnit": null,
    "danNumber": null,
    "aGroupNrOld": null,
    "vat": 23,
    "height": 0,
    "width": 0,
    "depth": 0,
    "weight": 0,
    "category": "Twarz-Piel\u0119gnacja twarzy-Kremy do twarzy"
  },
  {
    "id": 357731,
    "navigateUrl": "/Produkt/Kremy-do-twarzy/Christian-Laurent-Bakuchiol-antygrawitacyjny-krem-lifting-aktywnie-modelujacy-na-dzien-i-na-noc-50-,357731,9223",
    "name": "Bakuchiol",
    "caption": "antygrawitacyjny krem-lifting aktywnie modeluj\u0105cy, na dzie\u0144 i na noc, 50\u002B",
    "unit": "50 ml",
    "brand": "CHRISTIAN LAURENT",
    "oldPrice": 44.99,
    "price": 27.99,
    "loyaltyPrice": null,
    "pricePerUnit": "100 ml = 55,98 z\u0142",
    "loyaltyPricePerUnit": null,
    "danNumber": null,
    "aGroupNrOld": null,
    "vat": 23,
    "height": 0,
    "width": 0,
    "depth": 0,
    "weight": 0,
    "category": "Twarz-Piel\u0119gnacja twarzy-Kremy do twarzy"
  },
  {
    "id": 357732,
    "navigateUrl": "/Produkt/Kremy-do-twarzy/Christian-Laurent-Bakuchiol-odmladzajacy-krem-lifting-poprawiajacy-gestosc-skory-na-dzien-i-na-noc-,357732,9223",
    "name": "Bakuchiol",
    "caption": "odm\u0142adzaj\u0105cy krem-lifting poprawiaj\u0105cy g\u0119sto\u015B\u0107 sk\u00F3ry, na dzie\u0144 i na noc, 60\u002B",
    "unit": "50 ml",
    "brand": "CHRISTIAN LAURENT",
    "oldPrice": 44.99,
    "price": 27.99,
    "loyaltyPrice": null,
    "pricePerUnit": "100 ml = 55,98 z\u0142",
    "loyaltyPricePerUnit": null,
    "danNumber": null,
    "aGroupNrOld": null,
    "vat": 23,
    "height": 0,
    "width": 0,
    "depth": 0,
    "weight": 0,
    "category": "Twarz-Piel\u0119gnacja twarzy-Kremy do twarzy"
  },
  {
    "id": 297443,
    "navigateUrl": "/Produkt/Kremy-pod-oczy/Eveline-Cosmetics-Royal-Snail-skoncentrowany-krem-pod-oczy-i-na-powieki-intensywnie-liftingujacy-na,297443,9224",
    "name": "Royal Snail",
    "caption": "skoncentrowany krem pod oczy i na powieki intensywnie liftinguj\u0105cy, na dzie\u0144 i na noc, 50\u002B/70\u002B",
    "unit": "20 ml",
    "brand": "EVELINE COSMETICS",
    "oldPrice": 25.99,
    "price": 19.99,
    "loyaltyPrice": null,
    "pricePerUnit": "100 ml = 99,95 z\u0142",
    "loyaltyPricePerUnit": null,
    "danNumber": null,
    "aGroupNrOld": null,
    "vat": 23,
    "height": 0,
    "width": 0,
    "depth": 0,
    "weight": 0,
    "category": "Twarz-Piel\u0119gnacja twarzy-Kremy pod oczy"
  },
  {
    "id": 297435,
    "navigateUrl": "/Produkt/Kremy-do-twarzy/Eveline-Cosmetics-Royal-Snail-skoncentrowany-krem-silnie-liftingujacy-na-dzien-i-na-noc-cera-dojrza,297435,9223",
    "name": "Royal Snail",
    "caption": "skoncentrowany krem silnie liftinguj\u0105cy na dzie\u0144 i na noc, cera dojrza\u0142a, 50\u002B",
    "unit": "50 ml",
    "brand": "EVELINE COSMETICS",
    "oldPrice": 29.99,
    "price": 22.99,
    "loyaltyPrice": null,
    "pricePerUnit": "100 ml = 45,98 z\u0142",
    "loyaltyPricePerUnit": null,
    "danNumber": null,
    "aGroupNrOld": null,
    "vat": 23,
    "height": 0,
    "width": 0,
    "depth": 0,
    "weight": 0,
    "category": "Twarz-Piel\u0119gnacja twarzy-Kremy do twarzy"
  },
  {
    "id": 297438,
    "navigateUrl": "/Produkt/Kremy-do-twarzy/Eveline-Cosmetics-Royal-Snail-skoncentrowany-krem-ultranaprawczy-na-dzien-i-na-noc-cera-dojrzala-60,297438,9223",
    "name": "Royal Snail",
    "caption": "skoncentrowany krem ultranaprawczy na dzie\u0144 i na noc, cera dojrza\u0142a, 60\u002B",
    "unit": "50 ml",
    "brand": "EVELINE COSMETICS",
    "oldPrice": 29.99,
    "price": 22.99,
    "loyaltyPrice": null,
    "pricePerUnit": "100 ml = 45,98 z\u0142",
    "loyaltyPricePerUnit": null,
    "danNumber": null,
    "aGroupNrOld": null,
    "vat": 23,
    "height": 0,
    "width": 0,
    "depth": 0,
    "weight": 0,
    "category": "Twarz-Piel\u0119gnacja twarzy-Kremy do twarzy"
  },
  {
    "id": 297439,
    "navigateUrl": "/Produkt/Kremy-do-twarzy/Eveline-Cosmetics-Royal-Snail-skoncentrowany-krem-aktywnie-regenerujacy-na-dzien-i-na-noc-cera-dojr,297439,9223",
    "name": "Royal Snail",
    "caption": "skoncentrowany krem aktywnie regeneruj\u0105cy na dzie\u0144 i na noc, cera dojrza\u0142a, 70\u002B",
    "unit": "50 ml",
    "brand": "EVELINE COSMETICS",
    "oldPrice": 29.99,
    "price": 22.99,
    "loyaltyPrice": null,
    "pricePerUnit": "100 ml = 45,98 z\u0142",
    "loyaltyPricePerUnit": null,
    "danNumber": null,
    "aGroupNrOld": null,
    "vat": 23,
    "height": 0,
    "width": 0,
    "depth": 0,
    "weight": 0,
    "category": "Twarz-Piel\u0119gnacja twarzy-Kremy do twarzy"
  },
  {
    "id": 358089,
    "navigateUrl": "/Produkt/Kremy-pod-oczy/Perfecta-Bio-Retinol-krem-przeciwzmarszczkowy-pod-oczy-50-60-15-ml,358089,9224",
    "name": "Bio Retinol",
    "caption": "krem przeciwzmarszczkowy pod oczy, 50/60\u002B",
    "unit": "15 ml",
    "brand": "PERFECTA",
    "oldPrice": 23.99,
    "price": 17.99,
    "loyaltyPrice": null,
    "pricePerUnit": "100 ml = 119,93 z\u0142",
    "loyaltyPricePerUnit": null,
    "danNumber": null,
    "aGroupNrOld": null,
    "vat": 23,
    "height": 0,
    "width": 0,
    "depth": 0,
    "weight": 0,
    "category": "Twarz-Piel\u0119gnacja twarzy-Kremy pod oczy"
  },
  {
    "id": 358087,
    "navigateUrl": "/Produkt/Kremy-do-twarzy/Perfecta-Bio-Retinol-krem-przeciwzmarszczkowy-na-dzien-i-na-noc-50-50-ml,358087,9223",
    "name": "Bio Retinol",
    "caption": "krem przeciwzmarszczkowy na dzie\u0144 i na noc, 50\u002B",
    "unit": "50 ml",
    "brand": "PERFECTA",
    "oldPrice": 28.99,
    "price": 21.99,
    "loyaltyPrice": null,
    "pricePerUnit": "100 ml = 43,98 z\u0142",
    "loyaltyPricePerUnit": null,
    "danNumber": null,
    "aGroupNrOld": null,
    "vat": 23,
    "height": 0,
    "width": 0,
    "depth": 0,
    "weight": 0,
    "category": "Twarz-Piel\u0119gnacja twarzy-Kremy do twarzy"
  },
  {
    "id": 291430,
    "navigateUrl": "/Produkt/Kremy-pod-oczy/AA-Technologia-Wieku-5-Repair-60-Zlota-Kuracja-krem-pod-oczy-napinajaco-odzywczy-15-ml,291430,9224",
    "name": "Technologia Wieku 5 Repair 60\u002B Z\u0142ota Kuracja",
    "caption": "krem pod oczy napinaj\u0105co-od\u017Cywczy",
    "unit": "15 ml",
    "brand": "AA",
    "oldPrice": 19.99,
    "price": 15.99,
    "loyaltyPrice": null,
    "pricePerUnit": "100 ml = 106,60 z\u0142",
    "loyaltyPricePerUnit": null,
    "danNumber": null,
    "aGroupNrOld": null,
    "vat": 23,
    "height": 0,
    "width": 0,
    "depth": 0,
    "weight": 0,
    "category": "Twarz-Piel\u0119gnacja twarzy-Kremy pod oczy"
  },
  {
    "id": 291428,
    "navigateUrl": "/Produkt/Kremy-do-twarzy/AA-Technologia-Wieku-5-Repair-60-Zlota-Kuracja-ujedrniajacy-krem-wzmacniajacy-na-noc-skora-wrazliw,291428,9223",
    "name": "Technologia Wieku 5 Repair 60\u002B Z\u0142ota Kuracja",
    "caption": "uj\u0119drniaj\u0105cy krem wzmacniaj\u0105cy na noc sk\u00F3ra wra\u017Cliwa i sk\u0142onna do alergii",
    "unit": "50 ml",
    "brand": "AA",
    "oldPrice": 27.99,
    "price": 21.99,
    "loyaltyPrice": null,
    "pricePerUnit": "100 ml = 43,98 z\u0142",
    "loyaltyPricePerUnit": null,
    "danNumber": null,
    "aGroupNrOld": null,
    "vat": 23,
    "height": 0,
    "width": 0,
    "depth": 0,
    "weight": 0,
    "category": "Twarz-Piel\u0119gnacja twarzy-Kremy do twarzy"
  },
  {
    "id": 291422,
    "navigateUrl": "/Produkt/Kremy-do-twarzy/AA-Technologia-Wieku-5-Repair-60-Zlota-Kuracja-krem-przeciwzmarszczkowy-na-dzien-skora-wrazliwa-i-,291422,9223",
    "name": "Technologia Wieku 5 Repair 60\u002B Z\u0142ota Kuracja",
    "caption": "krem przeciwzmarszczkowy na dzie\u0144 sk\u00F3ra wra\u017Cliwa i sk\u0142onna do alergii",
    "unit": "50 ml",
    "brand": "AA",
    "oldPrice": 27.99,
    "price": 21.99,
    "loyaltyPrice": null,
    "pricePerUnit": "100 ml = 43,98 z\u0142",
    "loyaltyPricePerUnit": null,
    "danNumber": null,
    "aGroupNrOld": null,
    "vat": 23,
    "height": 0,
    "width": 0,
    "depth": 0,
    "weight": 0,
    "category": "Twarz-Piel\u0119gnacja twarzy-Kremy do twarzy"
  },
  {
    "id": 291425,
    "navigateUrl": "/Produkt/Kremy-do-twarzy/AA-Technologia-Wieku-5-Repair-60-Zlota-Kuracja-regenerujacy-krem-odbudowujacy-na-noc-skora-wrazliw,291425,9223",
    "name": "Technologia Wieku 5 Repair 60\u002B Z\u0142ota Kuracja",
    "caption": "regeneruj\u0105cy krem odbudowuj\u0105cy na noc sk\u00F3ra wra\u017Cliwa i sk\u0142onna do alergii",
    "unit": "50 ml",
    "brand": "AA",
    "oldPrice": 27.99,
    "price": 21.99,
    "loyaltyPrice": null,
    "pricePerUnit": "100 ml = 43,98 z\u0142",
    "loyaltyPricePerUnit": null,
    "danNumber": null,
    "aGroupNrOld": null,
    "vat": 23,
    "height": 0,
    "width": 0,
    "depth": 0,
    "weight": 0,
    "category": "Twarz-Piel\u0119gnacja twarzy-Kremy do twarzy"
  },
  {
    "id": 248620,
    "navigateUrl": "/Produkt/Kremy-pod-oczy/Perfecta-Fenomen-C-krem-pod-oczy-i-na-powieki-rozjasnienie-i-likwidacja-workow-na-dzien-i-na-noc-,248620,9224",
    "name": "Fenomen C",
    "caption": "krem pod oczy i na powieki, rozja\u015Bnienie i likwidacja \u0022work\u00F3w\u0022, na dzie\u0144 i na noc",
    "unit": "15 ml",
    "brand": "PERFECTA",
    "oldPrice": 22.99,
    "price": 17.99,
    "loyaltyPrice": null,
    "pricePerUnit": "100 ml = 119,93 z\u0142",
    "loyaltyPricePerUnit": null,
    "danNumber": null,
    "aGroupNrOld": null,
    "vat": 23,
    "height": 0,
    "width": 0,
    "depth": 0,
    "weight": 0,
    "category": "Twarz-Piel\u0119gnacja twarzy-Kremy pod oczy"
  },
  {
    "id": 248613,
    "navigateUrl": "/Produkt/Kremy-do-twarzy/Perfecta-Fenomen-C-nawilzajacy-krem-liftingujacy-na-dzien-i-na-noc-50-SPF-6-50-ml,248613,9223",
    "name": "Fenomen C",
    "caption": "nawil\u017Caj\u0105cy krem liftinguj\u0105cy na dzie\u0144 i na noc, 50\u002B, SPF 6",
    "unit": "50 ml",
    "brand": "PERFECTA",
    "oldPrice": 26.99,
    "price": 19.99,
    "loyaltyPrice": null,
    "pricePerUnit": "100 ml = 39,98 z\u0142",
    "loyaltyPricePerUnit": null,
    "danNumber": null,
    "aGroupNrOld": null,
    "vat": 23,
    "height": 0,
    "width": 0,
    "depth": 0,
    "weight": 0,
    "category": "Twarz-Piel\u0119gnacja twarzy-Kremy do twarzy"
  },
  {
    "id": 248619,
    "navigateUrl": "/Produkt/Kremy-do-twarzy/Perfecta-Fenomen-C-regenerujacy-krem-ujedrniajacy-na-dzien-i-na-noc-60-SPF-6-50-ml,248619,9223",
    "name": "Fenomen C",
    "caption": "regeneruj\u0105cy krem uj\u0119drniaj\u0105cy na dzie\u0144 i na noc, 60\u002B, SPF 6",
    "unit": "50 ml",
    "brand": "PERFECTA",
    "oldPrice": 26.99,
    "price": 19.99,
    "loyaltyPrice": null,
    "pricePerUnit": "100 ml = 39,98 z\u0142",
    "loyaltyPricePerUnit": null,
    "danNumber": null,
    "aGroupNrOld": null,
    "vat": 23,
    "height": 0,
    "width": 0,
    "depth": 0,
    "weight": 0,
    "category": "Twarz-Piel\u0119gnacja twarzy-Kremy do twarzy"
  },
  {
    "id": 276349,
    "navigateUrl": "/Produkt/Kremy-do-twarzy/Perfecta-Fenomen-C-regenerujacy-krem-odbudowujacy-na-dzien-i-na-noc-70-SPF-6-50-ml,276349,9223",
    "name": "Fenomen C",
    "caption": "regeneruj\u0105cy krem odbudowuj\u0105cy na dzie\u0144 i na noc, 70\u002B, SPF 6",
    "unit": "50 ml",
    "brand": "PERFECTA",
    "oldPrice": 26.99,
    "price": 19.99,
    "loyaltyPrice": null,
    "pricePerUnit": "100 ml = 39,98 z\u0142",
    "loyaltyPricePerUnit": null,
    "danNumber": null,
    "aGroupNrOld": null,
    "vat": 23,
    "height": 0,
    "width": 0,
    "depth": 0,
    "weight": 0,
    "category": "Twarz-Piel\u0119gnacja twarzy-Kremy do twarzy"
  },
  {
    "id": 297368,
    "navigateUrl": "/Produkt/Kremy-do-twarzy/Nivea-przeciwzmarszczkowy-krem-modelujacy-na-dzien-65-50-ml,297368,9223",
    "name": null,
    "caption": "przeciwzmarszczkowy krem modeluj\u0105cy na dzie\u0144 65\u002B",
    "unit": "50 ml",
    "brand": "NIVEA",
    "oldPrice": 19.99,
    "price": 15.99,
    "loyaltyPrice": null,
    "pricePerUnit": "100 ml = 31,98 z\u0142",
    "loyaltyPricePerUnit": null,
    "danNumber": null,
    "aGroupNrOld": null,
    "vat": 23,
    "height": 0,
    "width": 0,
    "depth": 0,
    "weight": 0,
    "category": "Twarz-Piel\u0119gnacja twarzy-Kremy do twarzy"
  },
  {
    "id": 297371,
    "navigateUrl": "/Produkt/Kremy-do-twarzy/Nivea-przeciwzmarszczkowy-krem-modelujacy-na-noc-65-50-ml,297371,9223",
    "name": null,
    "caption": "przeciwzmarszczkowy krem modeluj\u0105cy na noc 65\u002B",
    "unit": "50 ml",
    "brand": "NIVEA",
    "oldPrice": 19.99,
    "price": 15.99,
    "loyaltyPrice": null,
    "pricePerUnit": "100 ml = 31,98 z\u0142",
    "loyaltyPricePerUnit": null,
    "danNumber": null,
    "aGroupNrOld": null,
    "vat": 23,
    "height": 0,
    "width": 0,
    "depth": 0,
    "weight": 0,
    "category": "Twarz-Piel\u0119gnacja twarzy-Kremy do twarzy"
  },
  {
    "id": 294321,
    "navigateUrl": "/Produkt/Serum/Lift4Skin-blyskawiczny-reduktor-zmarszczek-cieni-i-workow-pod-oczami-zabieg-bankietowy-1-szt,294321,9225",
    "name": null,
    "caption": "b\u0142yskawiczny reduktor, zmarszczek cieni i work\u00F3w pod oczami - zabieg bankietowy",
    "unit": "1 szt.",
    "brand": "LIFT4SKIN",
    "oldPrice": 70.99,
    "price": 53.99,
    "loyaltyPrice": null,
    "pricePerUnit": "1 szt. = 53,99 z\u0142",
    "loyaltyPricePerUnit": null,
    "danNumber": null,
    "aGroupNrOld": null,
    "vat": 23,
    "height": 0,
    "width": 0,
    "depth": 0,
    "weight": 0,
    "category": "Twarz-Piel\u0119gnacja twarzy-Serum"
  },
  {
    "id": 265397,
    "navigateUrl": "/Produkt/Kremy-pod-oczy/Lift4Skin-ujedrniajacy-krem-wygladzajacy-pod-oczy-i-na-powieki-35-ml,265397,9224",
    "name": null,
    "caption": "uj\u0119drniaj\u0105cy krem wyg\u0142adzaj\u0105cy pod oczy i na powieki",
    "unit": "35 ml",
    "brand": "LIFT4SKIN",
    "oldPrice": 35.99,
    "price": 27.99,
    "loyaltyPrice": null,
    "pricePerUnit": "100 ml = 93,30 z\u0142",
    "loyaltyPricePerUnit": null,
    "danNumber": null,
    "aGroupNrOld": null,
    "vat": 23,
    "height": 0,
    "width": 0,
    "depth": 0,
    "weight": 0,
    "category": "Twarz-Piel\u0119gnacja twarzy-Kremy pod oczy"
  },
  {
    "id": 265398,
    "navigateUrl": "/Produkt/Kremy-do-twarzy/Lift4Skin-intensywny-krem-zelazko-wygladzajacy-na-dzien-50-ml,265398,9223",
    "name": null,
    "caption": "intensywny krem-\u017Celazko wyg\u0142adzaj\u0105cy na dzie\u0144",
    "unit": "50 ml",
    "brand": "LIFT4SKIN",
    "oldPrice": 59.99,
    "price": 44.99,
    "loyaltyPrice": null,
    "pricePerUnit": "100 ml = 89,98 z\u0142",
    "loyaltyPricePerUnit": null,
    "danNumber": null,
    "aGroupNrOld": null,
    "vat": 23,
    "height": 0,
    "width": 0,
    "depth": 0,
    "weight": 0,
    "category": "Twarz-Piel\u0119gnacja twarzy-Kremy do twarzy"
  },
  {
    "id": 265399,
    "navigateUrl": "/Produkt/Kremy-do-twarzy/Lift4Skin-odbudowujacy-krem-przeciwzmarszczkowy-na-noc-50-ml,265399,9223",
    "name": null,
    "caption": "odbudowuj\u0105cy krem przeciwzmarszczkowy na noc",
    "unit": "50 ml",
    "brand": "LIFT4SKIN",
    "oldPrice": 59.99,
    "price": 44.99,
    "loyaltyPrice": null,
    "pricePerUnit": "100 ml = 89,98 z\u0142",
    "loyaltyPricePerUnit": null,
    "danNumber": null,
    "aGroupNrOld": null,
    "vat": 23,
    "height": 0,
    "width": 0,
    "depth": 0,
    "weight": 0,
    "category": "Twarz-Piel\u0119gnacja twarzy-Kremy do twarzy"
  },
  {
    "id": 370023,
    "navigateUrl": "/Produkt/Kremy-pod-oczy/Yoskine-BIO-Collagen-intensywny-biokrem-pod-oczy-i-wokol-ust-15-ml,370023,9224",
    "name": "BIO Collagen",
    "caption": "intensywny biokrem pod oczy i wok\u00F3\u0142 ust",
    "unit": "15 ml",
    "brand": "YOSKINE",
    "oldPrice": 32.99,
    "price": 24.49,
    "loyaltyPrice": null,
    "pricePerUnit": "1 ml = 1,63 z\u0142",
    "loyaltyPricePerUnit": null,
    "danNumber": null,
    "aGroupNrOld": null,
    "vat": 23,
    "height": 0,
    "width": 0,
    "depth": 0,
    "weight": 0,
    "category": "Twarz-Piel\u0119gnacja twarzy-Kremy pod oczy"
  },
  {
    "id": 370024,
    "navigateUrl": "/Produkt/Kremy-do-twarzy/Yoskine-BIO-Collagen-przeciwzmarszczkowy-biokrem-regenerujacy-na-noc-50-50-ml,370024,9223",
    "name": "BIO Collagen",
    "caption": "przeciwzmarszczkowy biokrem regeneruj\u0105cy na noc, 50\u002B",
    "unit": "50 ml",
    "brand": "YOSKINE",
    "oldPrice": 51.99,
    "price": 37.99,
    "loyaltyPrice": null,
    "pricePerUnit": "1 ml = 0,76 z\u0142",
    "loyaltyPricePerUnit": null,
    "danNumber": null,
    "aGroupNrOld": null,
    "vat": 23,
    "height": 0,
    "width": 0,
    "depth": 0,
    "weight": 0,
    "category": "Twarz-Piel\u0119gnacja twarzy-Kremy do twarzy"
  },
  {
    "id": 370025,
    "navigateUrl": "/Produkt/Kremy-do-twarzy/Yoskine-BIO-Collagen-przeciwzmarszczkowy-biokrem-liftingujacy-na-dzien-50-50-ml,370025,9223",
    "name": "BIO Collagen",
    "caption": "przeciwzmarszczkowy biokrem liftinguj\u0105cy na dzie\u0144 50\u002B",
    "unit": "50 ml",
    "brand": "YOSKINE",
    "oldPrice": 51.99,
    "price": 37.99,
    "loyaltyPrice": null,
    "pricePerUnit": "1 ml = 0,76 z\u0142",
    "loyaltyPricePerUnit": null,
    "danNumber": null,
    "aGroupNrOld": null,
    "vat": 23,
    "height": 0,
    "width": 0,
    "depth": 0,
    "weight": 0,
    "category": "Twarz-Piel\u0119gnacja twarzy-Kremy do twarzy"
  },
  {
    "id": 368089,
    "navigateUrl": "/Produkt/Serum/Onlybio-Ritualia-Tranquilty-serum-do-twarzy-30-ml,368089,9225",
    "name": "Ritualia Tranquilty",
    "caption": "serum do twarzy",
    "unit": "30 ml",
    "brand": "ONLYBIO",
    "oldPrice": 52.99,
    "price": 33.99,
    "loyaltyPrice": null,
    "pricePerUnit": "1 ml = 1,13 z\u0142",
    "loyaltyPricePerUnit": null,
    "danNumber": null,
    "aGroupNrOld": null,
    "vat": 23,
    "height": 0,
    "width": 0,
    "depth": 0,
    "weight": 0,
    "category": "Twarz-Piel\u0119gnacja twarzy-Serum"
  },
  {
    "id": 367468,
    "navigateUrl": "/Produkt/Serum/Onlybio-Ritualia-Tranquilty-serum-do-twarzy-30-ml,367468,9225",
    "name": "Ritualia Tranquilty",
    "caption": "serum do twarzy",
    "unit": "30 ml",
    "brand": "ONLYBIO",
    "oldPrice": 52.99,
    "price": 33.99,
    "loyaltyPrice": null,
    "pricePerUnit": "1 ml = 1,13 z\u0142",
    "loyaltyPricePerUnit": null,
    "danNumber": null,
    "aGroupNrOld": null,
    "vat": 23,
    "height": 0,
    "width": 0,
    "depth": 0,
    "weight": 0,
    "category": "Twarz-Piel\u0119gnacja twarzy-Serum"
  },
  {
    "id": 367467,
    "navigateUrl": "/Produkt/Kremy-pod-oczy/Onlybio-Ritualia-Tranquilty-krem-pod-oczy-15-ml,367467,9224",
    "name": "Ritualia Tranquilty",
    "caption": "krem pod oczy ",
    "unit": "15 ml",
    "brand": "ONLYBIO",
    "oldPrice": 47.99,
    "price": 29.99,
    "loyaltyPrice": null,
    "pricePerUnit": "1 ml = 2,00 z\u0142",
    "loyaltyPricePerUnit": null,
    "danNumber": null,
    "aGroupNrOld": null,
    "vat": 23,
    "height": 0,
    "width": 0,
    "depth": 0,
    "weight": 0,
    "category": "Twarz-Piel\u0119gnacja twarzy-Kremy pod oczy"
  },
  {
    "id": 368090,
    "navigateUrl": "/Produkt/Kremy-do-twarzy/Onlybio-Ritualia-Tranquilty-krem-brzoskwiniowy-na-dzien-50-ml,368090,9223",
    "name": "Ritualia Tranquilty",
    "caption": "krem brzoskwiniowy na dzie\u0144",
    "unit": "50 ml",
    "brand": "ONLYBIO",
    "oldPrice": 52.99,
    "price": 33.99,
    "loyaltyPrice": null,
    "pricePerUnit": "1 ml = 0,68 z\u0142",
    "loyaltyPricePerUnit": null,
    "danNumber": null,
    "aGroupNrOld": null,
    "vat": 23,
    "height": 0,
    "width": 0,
    "depth": 0,
    "weight": 0,
    "category": "Twarz-Piel\u0119gnacja twarzy-Kremy do twarzy"
  },
  {
    "id": 368091,
    "navigateUrl": "/Produkt/Kremy-do-twarzy/Onlybio-Ritualia-Tranquilty-krem-z-7-wyciagami-odmladzajacymi-na-noc-50-ml,368091,9223",
    "name": "Ritualia Tranquilty",
    "caption": "krem z 7 wyci\u0105gami odm\u0142adzaj\u0105cymi na noc",
    "unit": "50 ml",
    "brand": "ONLYBIO",
    "oldPrice": 52.99,
    "price": 33.99,
    "loyaltyPrice": null,
    "pricePerUnit": "1 ml = 0,68 z\u0142",
    "loyaltyPricePerUnit": null,
    "danNumber": null,
    "aGroupNrOld": null,
    "vat": 23,
    "height": 0,
    "width": 0,
    "depth": 0,
    "weight": 0,
    "category": "Twarz-Piel\u0119gnacja twarzy-Kremy do twarzy"
  },
  {
    "id": 170744,
    "navigateUrl": "/Produkt/Kremy-do-twarzy/Nivea-Q10-Energy-krem-przeciwzmarszczkowy-na-dzien-50-ml,170744,9223",
    "name": "Q10 Energy",
    "caption": "krem przeciwzmarszczkowy na dzie\u0144",
    "unit": "50 ml",
    "brand": "NIVEA",
    "oldPrice": 52.99,
    "price": 33.99,
    "loyaltyPrice": null,
    "pricePerUnit": "100 ml = 67,98 z\u0142",
    "loyaltyPricePerUnit": null,
    "danNumber": null,
    "aGroupNrOld": null,
    "vat": 23,
    "height": 0,
    "width": 0,
    "depth": 0,
    "weight": 0,
    "category": "Twarz-Piel\u0119gnacja twarzy-Kremy do twarzy"
  },
  {
    "id": 7954,
    "navigateUrl": "/Produkt/Kremy-do-twarzy/Nivea-Q10-Power-przeciwzmarszczkowy-krem-nawilzajacy-na-dzien-cera-normalna-SPF-15-50-ml,7954,9223",
    "name": "Q10 Power",
    "caption": "przeciwzmarszczkowy krem nawil\u017Caj\u0105cy na dzie\u0144, cera normalna, SPF 15",
    "unit": "50 ml",
    "brand": "NIVEA",
    "oldPrice": 48.99,
    "price": 31.99,
    "loyaltyPrice": null,
    "pricePerUnit": "100 ml = 63,98 z\u0142",
    "loyaltyPricePerUnit": null,
    "danNumber": null,
    "aGroupNrOld": null,
    "vat": 23,
    "height": 0,
    "width": 0,
    "depth": 0,
    "weight": 0,
    "category": "Twarz-Piel\u0119gnacja twarzy-Kremy do twarzy"
  },
  {
    "id": 62937,
    "navigateUrl": "/Produkt/Kremy-do-twarzy/Nivea-Q10-Power-przeciwzmarszczkowy-krem-nawilzajacy-na-dzien-cera-mieszana-SPF-15-50-ml,62937,9223",
    "name": "Q10 Power",
    "caption": "przeciwzmarszczkowy krem nawil\u017Caj\u0105cy na dzie\u0144 cera mieszana, SPF 15",
    "unit": "50 ml",
    "brand": "NIVEA",
    "oldPrice": 48.99,
    "price": 31.99,
    "loyaltyPrice": null,
    "pricePerUnit": "100 ml = 63,98 z\u0142",
    "loyaltyPricePerUnit": null,
    "danNumber": null,
    "aGroupNrOld": null,
    "vat": 23,
    "height": 0,
    "width": 0,
    "depth": 0,
    "weight": 0,
    "category": "Twarz-Piel\u0119gnacja twarzy-Kremy do twarzy"
  },
  {
    "id": 13737,
    "navigateUrl": "/Produkt/Kremy-do-twarzy/Nivea-Q10-Power-przeciwzmarszczkowy-krem-nawilzajacy-na-noc-cera-normalna-50-ml,13737,9223",
    "name": "Q10 Power",
    "caption": "przeciwzmarszczkowy krem nawil\u017Caj\u0105cy na noc, cera normalna",
    "unit": "50 ml",
    "brand": "NIVEA",
    "oldPrice": 48.99,
    "price": 31.99,
    "loyaltyPrice": null,
    "pricePerUnit": "100 ml = 63,98 z\u0142",
    "loyaltyPricePerUnit": null,
    "danNumber": null,
    "aGroupNrOld": null,
    "vat": 23,
    "height": 0,
    "width": 0,
    "depth": 0,
    "weight": 0,
    "category": "Twarz-Piel\u0119gnacja twarzy-Kremy do twarzy"
  },
  {
    "id": 297350,
    "navigateUrl": "/Produkt/Serum/Nivea-Q10-Power-skoncentrowana-kuracja-glebokich-zmarszczek-ujedrnienie-65-ml,297350,9225",
    "name": "Q10 Power",
    "caption": "skoncentrowana kuracja g\u0142\u0119bokich zmarszczek \u002B uj\u0119drnienie",
    "unit": "6,5 ml",
    "brand": "NIVEA",
    "oldPrice": 24.99,
    "price": 15.99,
    "loyaltyPrice": null,
    "pricePerUnit": "100 ml = 246,00 z\u0142",
    "loyaltyPricePerUnit": null,
    "danNumber": null,
    "aGroupNrOld": null,
    "vat": 23,
    "height": 0,
    "width": 0,
    "depth": 0,
    "weight": 0,
    "category": "Twarz-Piel\u0119gnacja twarzy-Serum"
  },
  {
    "id": 13738,
    "navigateUrl": "/Produkt/Kremy-pod-oczy/Nivea-Q10-Power-przeciwzmarszczkowy-krem-pod-oczy-15-ml,13738,9224",
    "name": "Q10 Power",
    "caption": "przeciwzmarszczkowy krem pod oczy",
    "unit": "15 ml",
    "brand": "NIVEA",
    "oldPrice": 51.99,
    "price": 33.99,
    "loyaltyPrice": null,
    "pricePerUnit": "100 ml = 226,60 z\u0142",
    "loyaltyPricePerUnit": null,
    "danNumber": null,
    "aGroupNrOld": null,
    "vat": 23,
    "height": 0,
    "width": 0,
    "depth": 0,
    "weight": 0,
    "category": "Twarz-Piel\u0119gnacja twarzy-Kremy pod oczy"
  },
  {
    "id": 263965,
    "navigateUrl": "/Produkt/Kremy-do-twarzy/Nivea-Q10-Power-przeciwzmarszczkowy-krem-nawilzajacy-na-dzien-cera-normalna-SPF-30-50-ml,263965,9223",
    "name": "Q10 Power",
    "caption": "przeciwzmarszczkowy krem nawil\u017Caj\u0105cy na dzie\u0144, cera normalna, SPF 30",
    "unit": "50 ml",
    "brand": "NIVEA",
    "oldPrice": 52.99,
    "price": 33.99,
    "loyaltyPrice": null,
    "pricePerUnit": "100 ml = 67,98 z\u0142",
    "loyaltyPricePerUnit": null,
    "danNumber": null,
    "aGroupNrOld": null,
    "vat": 23,
    "height": 0,
    "width": 0,
    "depth": 0,
    "weight": 0,
    "category": "Twarz-Piel\u0119gnacja twarzy-Kremy do twarzy"
  },
  {
    "id": 292834,
    "navigateUrl": "/Produkt/Kremy-do-twarzy/Nivea-Q10-Power-przeciwzmarszczkowy-krem-lagodzacy-na-dzien-cera-wrazliwa-SPF-15-50-ml,292834,9223",
    "name": "Q10 Power",
    "caption": "przeciwzmarszczkowy krem \u0142agodz\u0105cy na dzie\u0144 cera wra\u017Cliwa, SPF 15",
    "unit": "50 ml",
    "brand": "NIVEA",
    "oldPrice": 52.99,
    "price": 33.99,
    "loyaltyPrice": null,
    "pricePerUnit": "100 ml = 67,98 z\u0142",
    "loyaltyPricePerUnit": null,
    "danNumber": null,
    "aGroupNrOld": null,
    "vat": 23,
    "height": 0,
    "width": 0,
    "depth": 0,
    "weight": 0,
    "category": "Twarz-Piel\u0119gnacja twarzy-Kremy do twarzy"
  },
  {
    "id": 292839,
    "navigateUrl": "/Produkt/Kremy-do-twarzy/Nivea-Q10-Power-krem-przeciwzmarszczkowy-na-noc-cera-wrazliwa-50-ml,292839,9223",
    "name": "Q10 Power",
    "caption": "krem przeciwzmarszczkowy na noc, cera wra\u017Cliwa",
    "unit": "50 ml",
    "brand": "NIVEA",
    "oldPrice": 52.99,
    "price": 33.99,
    "loyaltyPrice": null,
    "pricePerUnit": "100 ml = 67,98 z\u0142",
    "loyaltyPricePerUnit": null,
    "danNumber": null,
    "aGroupNrOld": null,
    "vat": 23,
    "height": 0,
    "width": 0,
    "depth": 0,
    "weight": 0,
    "category": "Twarz-Piel\u0119gnacja twarzy-Kremy do twarzy"
  },
  {
    "id": 357730,
    "navigateUrl": "/Produkt/Kremy-do-twarzy/Christian-Laurent-Bakuchiol-przeciwzmarszczkowy-krem-lifting-silnie-ujedrniajacy-na-dzien-i-na-noc-,357730,9223",
    "name": "Bakuchiol",
    "caption": "przeciwzmarszczkowy krem-lifting silnie uj\u0119drniaj\u0105cy, na dzie\u0144 i na noc, 40\u002B",
    "unit": "50 ml",
    "brand": "CHRISTIAN LAURENT",
    "oldPrice": 44.99,
    "price": 27.99,
    "loyaltyPrice": null,
    "pricePerUnit": "100 ml = 55,98 z\u0142",
    "loyaltyPricePerUnit": null,
    "danNumber": null,
    "aGroupNrOld": null,
    "vat": 23,
    "height": 0,
    "width": 0,
    "depth": 0,
    "weight": 0,
    "category": "Twarz-Piel\u0119gnacja twarzy-Kremy do twarzy"
  },
  {
    "id": 369984,
    "navigateUrl": "/Produkt/Kremy-pod-oczy/Perfecta-Neo-Elixir-Mlodosci-rozswietlajacy-krem-pod-oczy-15-ml,369984,9224",
    "name": "Neo-Elixir M\u0142odo\u015Bci",
    "caption": "roz\u015Bwietlaj\u0105cy krem pod oczy",
    "unit": "15 ml",
    "brand": "PERFECTA",
    "oldPrice": 23.99,
    "price": 17.99,
    "loyaltyPrice": null,
    "pricePerUnit": "1 ml = 1,20 z\u0142",
    "loyaltyPricePerUnit": null,
    "danNumber": null,
    "aGroupNrOld": null,
    "vat": 23,
    "height": 0,
    "width": 0,
    "depth": 0,
    "weight": 0,
    "category": "Twarz-Piel\u0119gnacja twarzy-Kremy pod oczy"
  },
  {
    "id": 369987,
    "navigateUrl": "/Produkt/Kremy-do-twarzy/Perfecta-Neo-Elixir-Mlodosci-krem-przeciwzmarszczkowy-na-dzien-i-na-noc-50-50-ml,369987,9223",
    "name": "Neo-Elixir M\u0142odo\u015Bci",
    "caption": "krem przeciwzmarszczkowy na dzie\u0144 i na noc, 50\u002B",
    "unit": "50 ml",
    "brand": "PERFECTA",
    "oldPrice": 29.99,
    "price": 22.99,
    "loyaltyPrice": null,
    "pricePerUnit": "1 ml = 0,46 z\u0142",
    "loyaltyPricePerUnit": null,
    "danNumber": null,
    "aGroupNrOld": null,
    "vat": 23,
    "height": 0,
    "width": 0,
    "depth": 0,
    "weight": 0,
    "category": "Twarz-Piel\u0119gnacja twarzy-Kremy do twarzy"
  },
  {
    "id": 369989,
    "navigateUrl": "/Produkt/Kremy-do-twarzy/Perfecta-Neo-Elixir-Mlodosci-krem-przeciwzmarszczkowy-na-dzien-i-na-noc-60-50-ml,369989,9223",
    "name": "Neo-Elixir M\u0142odo\u015Bci",
    "caption": "krem przeciwzmarszczkowy na dzie\u0144 i na noc, 60\u002B",
    "unit": "50 ml",
    "brand": "PERFECTA",
    "oldPrice": 29.99,
    "price": 22.99,
    "loyaltyPrice": null,
    "pricePerUnit": "1 ml = 0,46 z\u0142",
    "loyaltyPricePerUnit": null,
    "danNumber": null,
    "aGroupNrOld": null,
    "vat": 23,
    "height": 0,
    "width": 0,
    "depth": 0,
    "weight": 0,
    "category": "Twarz-Piel\u0119gnacja twarzy-Kremy do twarzy"
  },
  {
    "id": 369990,
    "navigateUrl": "/Produkt/Kremy-do-twarzy/Perfecta-Neo-Elixir-Mlodosci-krem-przeciwzmarszczkowy-na-dzien-i-na-noc-70-50-ml,369990,9223",
    "name": "Neo-Elixir M\u0142odo\u015Bci",
    "caption": "krem przeciwzmarszczkowy na dzie\u0144 i na noc, 70\u002B",
    "unit": "50 ml",
    "brand": "PERFECTA",
    "oldPrice": 29.99,
    "price": 22.99,
    "loyaltyPrice": null,
    "pricePerUnit": "1 ml = 0,46 z\u0142",
    "loyaltyPricePerUnit": null,
    "danNumber": null,
    "aGroupNrOld": null,
    "vat": 23,
    "height": 0,
    "width": 0,
    "depth": 0,
    "weight": 0,
    "category": "Twarz-Piel\u0119gnacja twarzy-Kremy do twarzy"
  },
  {
    "id": 291438,
    "navigateUrl": "/Produkt/Kremy-pod-oczy/AA-Technologia-Wieku-5-Repair-70-Intensywne-Odzywienie-krem-pod-oczy-nawilzajaco-odzywczy-15-ml,291438,9224",
    "name": "Technologia Wieku 5 Repair 70\u002B Intensywne Od\u017Cywienie",
    "caption": "krem pod oczy nawil\u017Caj\u0105co-od\u017Cywczy",
    "unit": "15 ml",
    "brand": "AA",
    "oldPrice": 19.99,
    "price": 15.99,
    "loyaltyPrice": null,
    "pricePerUnit": "100 ml = 106,60 z\u0142",
    "loyaltyPricePerUnit": null,
    "danNumber": null,
    "aGroupNrOld": null,
    "vat": 23,
    "height": 0,
    "width": 0,
    "depth": 0,
    "weight": 0,
    "category": "Twarz-Piel\u0119gnacja twarzy-Kremy pod oczy"
  },
  {
    "id": 291437,
    "navigateUrl": "/Produkt/Kremy-do-twarzy/AA-Technologia-Wieku-5-Repair-70-Intensywne-Odzywienie-krem-wzmacniajacy-na-noc-skora-wrazliwa-i-s,291437,9223",
    "name": "Technologia Wieku 5 Repair 70\u002B Intensywne Od\u017Cywienie",
    "caption": "krem wzmacniaj\u0105cy na noc sk\u00F3ra wra\u017Cliwa i sk\u0142onna do alergii, 70\u002B",
    "unit": "50 ml",
    "brand": "AA",
    "oldPrice": 27.99,
    "price": 21.99,
    "loyaltyPrice": null,
    "pricePerUnit": "100 ml = 43,98 z\u0142",
    "loyaltyPricePerUnit": null,
    "danNumber": null,
    "aGroupNrOld": null,
    "vat": 23,
    "height": 0,
    "width": 0,
    "depth": 0,
    "weight": 0,
    "category": "Twarz-Piel\u0119gnacja twarzy-Kremy do twarzy"
  },
  {
    "id": 291434,
    "navigateUrl": "/Produkt/Kremy-do-twarzy/AA-Technologia-Wieku-5-Repair-70-Intensywne-Odzywienie-krem-intensywnie-regenerujacy-na-dzien-i-na,291434,9223",
    "name": "Technologia Wieku 5 Repair 70\u002B Intensywne Od\u017Cywienie",
    "caption": "krem intensywnie regeneruj\u0105cy na dzie\u0144 i na noc sk\u00F3ra wra\u017Cliwa i sk\u0142onna do alergii",
    "unit": "50 ml",
    "brand": "AA",
    "oldPrice": 27.99,
    "price": 21.99,
    "loyaltyPrice": null,
    "pricePerUnit": "100 ml = 43,98 z\u0142",
    "loyaltyPricePerUnit": null,
    "danNumber": null,
    "aGroupNrOld": null,
    "vat": 23,
    "height": 0,
    "width": 0,
    "depth": 0,
    "weight": 0,
    "category": "Twarz-Piel\u0119gnacja twarzy-Kremy do twarzy"
  },
  {
    "id": 370199,
    "navigateUrl": "/Produkt/Serum/ME-serum-do-twarzy-z-kwasem-traneksamowym-25-30-ml,370199,9225",
    "name": null,
    "caption": "serum do twarzy z kwasem traneksamowym 2,5%",
    "unit": "30 ml",
    "brand": "ME\u002B",
    "oldPrice": 29.99,
    "price": 21.49,
    "loyaltyPrice": null,
    "pricePerUnit": "100 ml = 71,63 z\u0142",
    "loyaltyPricePerUnit": null,
    "danNumber": null,
    "aGroupNrOld": null,
    "vat": 23,
    "height": 0,
    "width": 0,
    "depth": 0,
    "weight": 0,
    "category": "Twarz-Piel\u0119gnacja twarzy-Serum"
  },
  {
    "id": 370204,
    "navigateUrl": "/Produkt/Serum/ME-serum-do-twarzy-SPF-30-30-ml,370204,9225",
    "name": null,
    "caption": "serum do twarzy SPF 30",
    "unit": "30 ml",
    "brand": "ME\u002B",
    "oldPrice": 29.99,
    "price": 21.49,
    "loyaltyPrice": null,
    "pricePerUnit": "100 ml = 71,63 z\u0142",
    "loyaltyPricePerUnit": null,
    "danNumber": null,
    "aGroupNrOld": null,
    "vat": 23,
    "height": 0,
    "width": 0,
    "depth": 0,
    "weight": 0,
    "category": "Twarz-Piel\u0119gnacja twarzy-Serum"
  },
  {
    "id": 370201,
    "navigateUrl": "/Produkt/Serum/ME-serum-do-twarzy-z-kwasem-poliglutaminowym-1-30-ml,370201,9225",
    "name": null,
    "caption": "serum do twarzy z kwasem poliglutaminowym 1%",
    "unit": "30 ml",
    "brand": "ME\u002B",
    "oldPrice": 29.99,
    "price": 21.49,
    "loyaltyPrice": null,
    "pricePerUnit": "100 ml = 71,63 z\u0142",
    "loyaltyPricePerUnit": null,
    "danNumber": null,
    "aGroupNrOld": null,
    "vat": 23,
    "height": 0,
    "width": 0,
    "depth": 0,
    "weight": 0,
    "category": "Twarz-Piel\u0119gnacja twarzy-Serum"
  },
  {
    "id": 370191,
    "navigateUrl": "/Produkt/Serum/ME-serum-do-twarzy-z-kwasem-hialuronowym-2-30-ml,370191,9225",
    "name": null,
    "caption": "serum do twarzy z kwasem hialuronowym 2%",
    "unit": "30 ml",
    "brand": "ME\u002B",
    "oldPrice": 25.99,
    "price": 18.49,
    "loyaltyPrice": null,
    "pricePerUnit": "100 ml = 61,63 z\u0142",
    "loyaltyPricePerUnit": null,
    "danNumber": null,
    "aGroupNrOld": null,
    "vat": 23,
    "height": 0,
    "width": 0,
    "depth": 0,
    "weight": 0,
    "category": "Twarz-Piel\u0119gnacja twarzy-Serum"
  },
  {
    "id": 370197,
    "navigateUrl": "/Produkt/Serum/ME-serum-do-twarzy-niacynamid-10-i-cynk-15-30-ml,370197,9225",
    "name": null,
    "caption": "serum do twarzy, niacynamid 10% i cynk 1,5%",
    "unit": "30 ml",
    "brand": "ME\u002B",
    "oldPrice": 25.99,
    "price": 18.49,
    "loyaltyPrice": null,
    "pricePerUnit": "100 ml = 61,63 z\u0142",
    "loyaltyPricePerUnit": null,
    "danNumber": null,
    "aGroupNrOld": null,
    "vat": 23,
    "height": 0,
    "width": 0,
    "depth": 0,
    "weight": 0,
    "category": "Twarz-Piel\u0119gnacja twarzy-Serum"
  },
  {
    "id": 317776,
    "navigateUrl": "/Produkt/Serum/Isana-Vitamin-Booster-ampulki-z-retinolem-witamina-C-i-witamina-E-7x2-ml,317776,9225",
    "name": "Vitamin Booster",
    "caption": "ampu\u0142ki z retinolem witamin\u0105 C i witamin\u0105 E",
    "unit": "7x2 ml",
    "brand": "ISANA",
    "oldPrice": 29.49,
    "price": 20.99,
    "loyaltyPrice": null,
    "pricePerUnit": "100 ml = 149,93 z\u0142",
    "loyaltyPricePerUnit": null,
    "danNumber": null,
    "aGroupNrOld": null,
    "vat": 23,
    "height": 0,
    "width": 0,
    "depth": 0,
    "weight": 0,
    "category": "Twarz-Piel\u0119gnacja twarzy-Serum"
  },
  {
    "id": 188189,
    "navigateUrl": "/Produkt/Serum/Isana-Q10-ampulki-koncentrat-przeciwzmarszczkowy-72-ml,188189,9225",
    "name": "Q10",
    "caption": "ampu\u0142ki, koncentrat przeciwzmarszczkowy",
    "unit": "7\u00D72 ml",
    "brand": "ISANA",
    "oldPrice": 22.49,
    "price": 15.99,
    "loyaltyPrice": null,
    "pricePerUnit": "100 ml = 114,21 z\u0142",
    "loyaltyPricePerUnit": null,
    "danNumber": null,
    "aGroupNrOld": null,
    "vat": 23,
    "height": 0,
    "width": 0,
    "depth": 0,
    "weight": 0,
    "category": "Twarz-Piel\u0119gnacja twarzy-Serum"
  },
  {
    "id": 180073,
    "navigateUrl": "/Produkt/Serum/Isana-Hyaluron-Booster-ampulki-koncentrat-nawilzajacy-7x2-ml,180073,9225",
    "name": "Hyaluron Booster",
    "caption": "ampu\u0142ki koncentrat nawil\u017Caj\u0105cy",
    "unit": "7x2 ml",
    "brand": "ISANA",
    "oldPrice": 22.49,
    "price": 15.99,
    "loyaltyPrice": null,
    "pricePerUnit": "100 ml = 114,21 z\u0142",
    "loyaltyPricePerUnit": null,
    "danNumber": null,
    "aGroupNrOld": null,
    "vat": 23,
    "height": 0,
    "width": 0,
    "depth": 0,
    "weight": 0,
    "category": "Twarz-Piel\u0119gnacja twarzy-Serum"
  },
  {
    "id": 194846,
    "navigateUrl": "/Produkt/Serum/Isana-Q10-przeciwzmarszczkowe-kapsulki-pielegnacyjne-z-kompleksem-anti-age-7-szt,194846,9225",
    "name": "Q10",
    "caption": "przeciwzmarszczkowe kapsu\u0142ki piel\u0119gnacyjne z kompleksem anti-age",
    "unit": "7 szt.",
    "brand": "ISANA",
    "oldPrice": 8.99,
    "price": 6.39,
    "loyaltyPrice": null,
    "pricePerUnit": "100 ml = 240,23 z\u0142",
    "loyaltyPricePerUnit": null,
    "danNumber": null,
    "aGroupNrOld": null,
    "vat": 23,
    "height": 0,
    "width": 0,
    "depth": 0,
    "weight": 0,
    "category": "Twarz-Piel\u0119gnacja twarzy-Serum"
  },
  {
    "id": 358033,
    "navigateUrl": "/Produkt/Serum/Isana-kapsulki-z-olejem-arganowym-7x036-ml,358033,9225",
    "name": null,
    "caption": "kapsu\u0142ki z olejem arganowym",
    "unit": "7x0,36 ml",
    "brand": "ISANA",
    "oldPrice": 8.99,
    "price": 6.39,
    "loyaltyPrice": null,
    "pricePerUnit": "100 ml = 240,23 z\u0142",
    "loyaltyPricePerUnit": null,
    "danNumber": null,
    "aGroupNrOld": null,
    "vat": 23,
    "height": 0,
    "width": 0,
    "depth": 0,
    "weight": 0,
    "category": "Twarz-Piel\u0119gnacja twarzy-Serum"
  },
  {
    "id": 340617,
    "navigateUrl": "/Produkt/Serum/Alterra-booster-hialuronowy-15-ml,340617,9225",
    "name": null,
    "caption": "booster hialuronowy",
    "unit": "15 ml",
    "brand": "ALTERRA",
    "oldPrice": 17.99,
    "price": 12.79,
    "loyaltyPrice": null,
    "pricePerUnit": "100 ml = 85,27 z\u0142",
    "loyaltyPricePerUnit": null,
    "danNumber": null,
    "aGroupNrOld": null,
    "vat": 23,
    "height": 0,
    "width": 0,
    "depth": 0,
    "weight": 0,
    "category": "Twarz-Piel\u0119gnacja twarzy-Serum"
  },
  {
    "id": 340618,
    "navigateUrl": "/Produkt/Serum/Alterra-serum-z-witaminami-triple-vitamin-booster-15-ml,340618,9225",
    "name": null,
    "caption": "serum z witaminami triple vitamin booster",
    "unit": "15 ml",
    "brand": "ALTERRA",
    "oldPrice": 17.99,
    "price": 12.79,
    "loyaltyPrice": null,
    "pricePerUnit": "100 ml = 85,27 z\u0142",
    "loyaltyPricePerUnit": null,
    "danNumber": null,
    "aGroupNrOld": null,
    "vat": 23,
    "height": 0,
    "width": 0,
    "depth": 0,
    "weight": 0,
    "category": "Twarz-Piel\u0119gnacja twarzy-Serum"
  },
  {
    "id": 297440,
    "navigateUrl": "/Produkt/Kremy-pod-oczy/Eveline-Cosmetics-Royal-Snail-skoncentrowany-krem-rozswietlajacy-pod-oczy-i-na-powieki-na-dzien-i-n,297440,9224",
    "name": "Royal Snail",
    "caption": "skoncentrowany krem roz\u015Bwietlaj\u0105cy pod oczy i na powieki, na dzie\u0144 i na noc, 30\u002B/40\u002B",
    "unit": "20 ml",
    "brand": "EVELINE COSMETICS",
    "oldPrice": 24.99,
    "price": 19.99,
    "loyaltyPrice": null,
    "pricePerUnit": "100 ml = 99,95 z\u0142",
    "loyaltyPricePerUnit": null,
    "danNumber": null,
    "aGroupNrOld": null,
    "vat": 23,
    "height": 0,
    "width": 0,
    "depth": 0,
    "weight": 0,
    "category": "Twarz-Piel\u0119gnacja twarzy-Kremy pod oczy"
  },
  {
    "id": 297432,
    "navigateUrl": "/Produkt/Kremy-do-twarzy/Eveline-Cosmetics-Royal-Snail-skoncentrowany-krem-aktywnie-wygladzajacy-na-dzien-i-na-noc-kazdy-rod,297432,9223",
    "name": "Royal Snail",
    "caption": "skoncentrowany krem aktywnie wyg\u0142adzaj\u0105cy, na dzie\u0144 i na noc, ka\u017Cdy rodzaj cery, 30\u002B",
    "unit": "50 ml",
    "brand": "EVELINE COSMETICS",
    "oldPrice": 24.99,
    "price": 19.99,
    "loyaltyPrice": null,
    "pricePerUnit": "100 ml = 39,98 z\u0142",
    "loyaltyPricePerUnit": null,
    "danNumber": null,
    "aGroupNrOld": null,
    "vat": 23,
    "height": 0,
    "width": 0,
    "depth": 0,
    "weight": 0,
    "category": "Twarz-Piel\u0119gnacja twarzy-Kremy do twarzy"
  },
  {
    "id": 297433,
    "navigateUrl": "/Produkt/Kremy-do-twarzy/Eveline-Cosmetics-Royal-Snail-skoncentrowany-krem-przeciwzmarszczkowy-na-dzien-i-na-noc-kazdy-rodza,297433,9223",
    "name": "Royal Snail",
    "caption": "skoncentrowany krem przeciwzmarszczkowy na dzie\u0144 i na noc, ka\u017Cdy rodzaj cery, 40\u002B",
    "unit": "50 ml",
    "brand": "EVELINE COSMETICS",
    "oldPrice": 24.99,
    "price": 19.99,
    "loyaltyPrice": null,
    "pricePerUnit": "100 ml = 39,98 z\u0142",
    "loyaltyPricePerUnit": null,
    "danNumber": null,
    "aGroupNrOld": null,
    "vat": 23,
    "height": 0,
    "width": 0,
    "depth": 0,
    "weight": 0,
    "category": "Twarz-Piel\u0119gnacja twarzy-Kremy do twarzy"
  },
  {
    "id": 319027,
    "navigateUrl": "/Produkt/Kremy-pod-oczy/Eveline-Cosmetics-bioManuka-Lift-odzywczo-wygladzajacy-krem-kuracja-pod-oczy-i-na-powieki-50-70-20,319027,9224",
    "name": "bioManuka Lift",
    "caption": "od\u017Cywczo-wyg\u0142adzaj\u0105cy krem-kuracja pod oczy i na powieki, 50-70\u002B",
    "unit": "20 ml",
    "brand": "EVELINE COSMETICS",
    "oldPrice": 22.49,
    "price": 16.49,
    "loyaltyPrice": null,
    "pricePerUnit": "100 ml = 82,45 z\u0142",
    "loyaltyPricePerUnit": null,
    "danNumber": null,
    "aGroupNrOld": null,
    "vat": 23,
    "height": 0,
    "width": 0,
    "depth": 0,
    "weight": 0,
    "category": "Twarz-Piel\u0119gnacja twarzy-Kremy pod oczy"
  },
  {
    "id": 319016,
    "navigateUrl": "/Produkt/Kremy-do-twarzy/Eveline-Cosmetics-bioManuka-Lift-ujedrniajacy-krem-kuracja-redukujacy-zmarszczki-na-dzien-i-na-noc-,319016,9223",
    "name": "bioManuka Lift",
    "caption": "uj\u0119drniaj\u0105cy krem-kuracja redukuj\u0105cy zmarszczki na dzie\u0144 i na noc, 50\u002B",
    "unit": "50 ml",
    "brand": "EVELINE COSMETICS",
    "oldPrice": 25.49,
    "price": 18.99,
    "loyaltyPrice": null,
    "pricePerUnit": "100 ml = 37,98 z\u0142",
    "loyaltyPricePerUnit": null,
    "danNumber": null,
    "aGroupNrOld": null,
    "vat": 23,
    "height": 0,
    "width": 0,
    "depth": 0,
    "weight": 0,
    "category": "Twarz-Piel\u0119gnacja twarzy-Kremy do twarzy"
  },
  {
    "id": 319019,
    "navigateUrl": "/Produkt/Kremy-do-twarzy/Eveline-Cosmetics-bioManuka-Lift-liftingujacy-krem-kuracja-modelujacy-owal-twarzy-na-dzien-i-na-noc,319019,9223",
    "name": "bioManuka Lift",
    "caption": "liftinguj\u0105cy krem-kuracja modeluj\u0105cy owal twarzy na dzie\u0144 i na noc, 60\u002B",
    "unit": "50 ml",
    "brand": "EVELINE COSMETICS",
    "oldPrice": 25.49,
    "price": 18.99,
    "loyaltyPrice": null,
    "pricePerUnit": "100 ml = 37,98 z\u0142",
    "loyaltyPricePerUnit": null,
    "danNumber": null,
    "aGroupNrOld": null,
    "vat": 23,
    "height": 0,
    "width": 0,
    "depth": 0,
    "weight": 0,
    "category": "Twarz-Piel\u0119gnacja twarzy-Kremy do twarzy"
  },
  {
    "id": 319026,
    "navigateUrl": "/Produkt/Kremy-do-twarzy/Eveline-Cosmetics-bioManuka-Lift-odbudowujacy-krem-kuracja-przywracajacy-gestosc-skory-na-dzien-i-n,319026,9223",
    "name": "bioManuka Lift",
    "caption": "odbudowuj\u0105cy krem-kuracja przywracaj\u0105cy g\u0119sto\u015B\u0107 sk\u00F3ry na dzie\u0144 i na noc, 70\u002B",
    "unit": "50 ml",
    "brand": "EVELINE COSMETICS",
    "oldPrice": 25.49,
    "price": 18.99,
    "loyaltyPrice": null,
    "pricePerUnit": "100 ml = 37,98 z\u0142",
    "loyaltyPricePerUnit": null,
    "danNumber": null,
    "aGroupNrOld": null,
    "vat": 23,
    "height": 0,
    "width": 0,
    "depth": 0,
    "weight": 0,
    "category": "Twarz-Piel\u0119gnacja twarzy-Kremy do twarzy"
  },
  {
    "id": 276105,
    "navigateUrl": "/Produkt/Kremy-do-twarzy/Nivea-przeciwzmarszczkowy-krem-rewitalizujacy-na-dzien-55-50-ml,276105,9223",
    "name": null,
    "caption": "przeciwzmarszczkowy krem rewitalizuj\u0105cy na dzie\u0144, 55\u002B",
    "unit": "50 ml",
    "brand": "NIVEA",
    "oldPrice": 19.99,
    "price": 15.99,
    "loyaltyPrice": null,
    "pricePerUnit": "100 ml = 31,98 z\u0142",
    "loyaltyPricePerUnit": null,
    "danNumber": null,
    "aGroupNrOld": null,
    "vat": 23,
    "height": 0,
    "width": 0,
    "depth": 0,
    "weight": 0,
    "category": "Twarz-Piel\u0119gnacja twarzy-Kremy do twarzy"
  },
  {
    "id": 276106,
    "navigateUrl": "/Produkt/Kremy-do-twarzy/Nivea-przeciwzmarszczkowy-krem-rewitalizujacy-na-noc-55-50-ml,276106,9223",
    "name": null,
    "caption": "przeciwzmarszczkowy krem rewitalizuj\u0105cy na noc, 55\u002B",
    "unit": "50 ml",
    "brand": "NIVEA",
    "oldPrice": 19.99,
    "price": 15.99,
    "loyaltyPrice": null,
    "pricePerUnit": "100 ml = 31,98 z\u0142",
    "loyaltyPricePerUnit": null,
    "danNumber": null,
    "aGroupNrOld": null,
    "vat": 23,
    "height": 0,
    "width": 0,
    "depth": 0,
    "weight": 0,
    "category": "Twarz-Piel\u0119gnacja twarzy-Kremy do twarzy"
  },
  {
    "id": 370546,
    "navigateUrl": "/Produkt/Serum/Neutrogena-Bright-Boost-rozswietlajace-serum-30-ml,370546,9225",
    "name": "Bright Boost",
    "caption": "roz\u015Bwietlaj\u0105ce serum",
    "unit": "30 ml",
    "brand": "NEUTROGENA",
    "oldPrice": 59.99,
    "price": 44.99,
    "loyaltyPrice": null,
    "pricePerUnit": "1 ml = 1,50 z\u0142",
    "loyaltyPricePerUnit": null,
    "danNumber": null,
    "aGroupNrOld": null,
    "vat": 23,
    "height": 0,
    "width": 0,
    "depth": 0,
    "weight": 0,
    "category": "Twarz-Piel\u0119gnacja twarzy-Serum"
  },
  {
    "id": 370547,
    "navigateUrl": "/Produkt/Kremy-do-twarzy/Neutrogena-Bright-Boost-ochronny-zel-SPF-30-50-ml,370547,9223",
    "name": "Bright Boost",
    "caption": "ochronny \u017Cel SPF 30",
    "unit": "50 ml",
    "brand": "NEUTROGENA",
    "oldPrice": 59.99,
    "price": 44.99,
    "loyaltyPrice": null,
    "pricePerUnit": "1 ml = 0,90 z\u0142",
    "loyaltyPricePerUnit": null,
    "danNumber": null,
    "aGroupNrOld": null,
    "vat": 23,
    "height": 0,
    "width": 0,
    "depth": 0,
    "weight": 0,
    "category": "Twarz-Piel\u0119gnacja twarzy-Kremy do twarzy"
  },
  {
    "id": 370548,
    "navigateUrl": "/Produkt/Kremy-do-twarzy/Neutrogena-Bright-Boost-zel-krem-rozswietlajacy-50-ml,370548,9223",
    "name": "Bright Boost",
    "caption": "\u017Cel krem roz\u015Bwietlaj\u0105cy",
    "unit": "50 ml",
    "brand": "NEUTROGENA",
    "oldPrice": 59.99,
    "price": 44.99,
    "loyaltyPrice": null,
    "pricePerUnit": "1 ml = 0,90 z\u0142",
    "loyaltyPricePerUnit": null,
    "danNumber": null,
    "aGroupNrOld": null,
    "vat": 23,
    "height": 0,
    "width": 0,
    "depth": 0,
    "weight": 0,
    "category": "Twarz-Piel\u0119gnacja twarzy-Kremy do twarzy"
  },
  {
    "id": 284458,
    "navigateUrl": "/Produkt/Serum/Neutrogena-Hydro-Boost-nawadniajacy-booster-serum-do-twarzy-30-ml,284458,9225",
    "name": "Hydro Boost",
    "caption": "nawadniaj\u0105cy booster serum do twarzy",
    "unit": "30 ml",
    "brand": "NEUTROGENA",
    "oldPrice": 53.99,
    "price": 34.99,
    "loyaltyPrice": null,
    "pricePerUnit": "100 ml = 116,63 z\u0142",
    "loyaltyPricePerUnit": null,
    "danNumber": null,
    "aGroupNrOld": null,
    "vat": 23,
    "height": 0,
    "width": 0,
    "depth": 0,
    "weight": 0,
    "category": "Twarz-Piel\u0119gnacja twarzy-Serum"
  },
  {
    "id": 284460,
    "navigateUrl": "/Produkt/Kremy-pod-oczy/Neutrogena-Hydro-Boost-zel-krem-pod-oczy-przeciw-oznakom-zmeczenia-15-ml,284460,9224",
    "name": "Hydro Boost",
    "caption": "\u017Cel-krem pod oczy przeciw oznakom zm\u0119czenia",
    "unit": "15 ml",
    "brand": "NEUTROGENA",
    "oldPrice": 43.99,
    "price": 29.99,
    "loyaltyPrice": null,
    "pricePerUnit": "100 ml = 199,93 z\u0142",
    "loyaltyPricePerUnit": null,
    "danNumber": null,
    "aGroupNrOld": null,
    "vat": 23,
    "height": 0,
    "width": 0,
    "depth": 0,
    "weight": 0,
    "category": "Twarz-Piel\u0119gnacja twarzy-Kremy pod oczy"
  },
  {
    "id": 370544,
    "navigateUrl": "/Produkt/Kremy-do-twarzy/Neutrogena-Hydro-Boost-balsam-regenerujacy-skore-na-dzien-i-na-noc-50-ml,370544,9223",
    "name": "Hydro Boost",
    "caption": "balsam regeneruj\u0105cy sk\u00F3r\u0119 na dzie\u0144 i na noc",
    "unit": "50 ml",
    "brand": "NEUTROGENA",
    "oldPrice": 53.99,
    "price": 34.99,
    "loyaltyPrice": null,
    "pricePerUnit": "1 ml = 0,70 z\u0142",
    "loyaltyPricePerUnit": null,
    "danNumber": null,
    "aGroupNrOld": null,
    "vat": 23,
    "height": 0,
    "width": 0,
    "depth": 0,
    "weight": 0,
    "category": "Twarz-Piel\u0119gnacja twarzy-Kremy do twarzy"
  },
  {
    "id": 284446,
    "navigateUrl": "/Produkt/Kremy-do-twarzy/Neutrogena-Hydro-Boost-nawadniajacy-zel-cera-normalna-i-mieszana-50-ml,284446,9223",
    "name": "Hydro Boost",
    "caption": "nawadniaj\u0105cy \u017Cel, cera normalna i mieszana",
    "unit": "50 ml",
    "brand": "NEUTROGENA",
    "oldPrice": 53.99,
    "price": 34.99,
    "loyaltyPrice": null,
    "pricePerUnit": "100 ml = 69,98 z\u0142",
    "loyaltyPricePerUnit": null,
    "danNumber": null,
    "aGroupNrOld": null,
    "vat": 23,
    "height": 0,
    "width": 0,
    "depth": 0,
    "weight": 0,
    "category": "Twarz-Piel\u0119gnacja twarzy-Kremy do twarzy"
  },
  {
    "id": 284447,
    "navigateUrl": "/Produkt/Kremy-do-twarzy/Neutrogena-Hydro-Boost-nawadniajacy-krem-zel-cera-sucha-50-ml,284447,9223",
    "name": "Hydro Boost",
    "caption": "nawadniaj\u0105cy krem-\u017Cel cera sucha",
    "unit": "50 ml",
    "brand": "NEUTROGENA",
    "oldPrice": 53.99,
    "price": 34.99,
    "loyaltyPrice": null,
    "pricePerUnit": "100 ml = 69,98 z\u0142",
    "loyaltyPricePerUnit": null,
    "danNumber": null,
    "aGroupNrOld": null,
    "vat": 23,
    "height": 0,
    "width": 0,
    "depth": 0,
    "weight": 0,
    "category": "Twarz-Piel\u0119gnacja twarzy-Kremy do twarzy"
  },
  {
    "id": 284454,
    "navigateUrl": "/Produkt/Kremy-do-twarzy/Neutrogena-Hydro-Boost-nawadniajacy-krem-maska-na-noc-50-ml,284454,9223",
    "name": "Hydro Boost",
    "caption": "nawadniaj\u0105cy krem-maska na noc",
    "unit": "50 ml",
    "brand": "NEUTROGENA",
    "oldPrice": 53.99,
    "price": 34.99,
    "loyaltyPrice": null,
    "pricePerUnit": "100 ml = 69,98 z\u0142",
    "loyaltyPricePerUnit": null,
    "danNumber": null,
    "aGroupNrOld": null,
    "vat": 23,
    "height": 0,
    "width": 0,
    "depth": 0,
    "weight": 0,
    "category": "Twarz-Piel\u0119gnacja twarzy-Kremy do twarzy"
  },
  {
    "id": 357402,
    "navigateUrl": "/Produkt/Serum/FaceBoom-korygujaco-rozjasniajace-serum-do-twarzy-cera-mieszana-tlusta-30-ml,357402,9225",
    "name": null,
    "caption": "koryguj\u0105co-rozja\u015Bniaj\u0105ce serum do twarzy cera mieszana/t\u0142usta",
    "unit": "30 ml",
    "brand": "FACEBOOM",
    "oldPrice": 29.99,
    "price": 23.99,
    "loyaltyPrice": null,
    "pricePerUnit": "100 ml = 79,97 z\u0142",
    "loyaltyPricePerUnit": null,
    "danNumber": null,
    "aGroupNrOld": null,
    "vat": 23,
    "height": 0,
    "width": 0,
    "depth": 0,
    "weight": 0,
    "category": "Twarz-Piel\u0119gnacja twarzy-Serum"
  },
  {
    "id": 342741,
    "navigateUrl": "/Produkt/Kremy-do-twarzy/FaceBoom-matujacy-krem-detoksykujacy-na-dzien-i-na-noc-cera-mieszana-i-tlusta-50-ml,342741,9223",
    "name": null,
    "caption": "matuj\u0105cy krem detoksykuj\u0105cy na dzie\u0144 i na noc cera mieszana i t\u0142usta",
    "unit": "50 ml",
    "brand": "FACEBOOM",
    "oldPrice": 27.99,
    "price": 18.99,
    "loyaltyPrice": null,
    "pricePerUnit": "100 ml = 37,98 z\u0142",
    "loyaltyPricePerUnit": null,
    "danNumber": null,
    "aGroupNrOld": null,
    "vat": 23,
    "height": 0,
    "width": 0,
    "depth": 0,
    "weight": 0,
    "category": "Twarz-Piel\u0119gnacja twarzy-Kremy do twarzy"
  },
  {
    "id": 342748,
    "navigateUrl": "/Produkt/Kremy-do-twarzy/FaceBoom-nawilzajacy-krem-kojacy-na-dzien-i-na-noc-cera-odwodniona-i-wrazliwa-50-ml,342748,9223",
    "name": null,
    "caption": "nawil\u017Caj\u0105cy krem koj\u0105cy na dzie\u0144 i na noc cera odwodniona i wra\u017Cliwa",
    "unit": "50 ml",
    "brand": "FACEBOOM",
    "oldPrice": 27.99,
    "price": 18.99,
    "loyaltyPrice": null,
    "pricePerUnit": "100 ml = 37,98 z\u0142",
    "loyaltyPricePerUnit": null,
    "danNumber": null,
    "aGroupNrOld": null,
    "vat": 23,
    "height": 0,
    "width": 0,
    "depth": 0,
    "weight": 0,
    "category": "Twarz-Piel\u0119gnacja twarzy-Kremy do twarzy"
  },
  {
    "id": 366276,
    "navigateUrl": "/Produkt/Kremy-do-twarzy/FaceBoom-Superstar-nawilzajacy-krem-rozswietlajacy-do-twarzy-i-pod-oczy-kazdy-rodzaj-cery-50-ml,366276,9223",
    "name": "Superstar",
    "caption": "nawil\u017Caj\u0105cy krem roz\u015Bwietlaj\u0105cy do twarzy i pod oczy, ka\u017Cdy rodzaj cery",
    "unit": "50 ml",
    "brand": "FACEBOOM",
    "oldPrice": 27.99,
    "price": 18.99,
    "loyaltyPrice": null,
    "pricePerUnit": "100 ml = 37,98 z\u0142",
    "loyaltyPricePerUnit": null,
    "danNumber": null,
    "aGroupNrOld": null,
    "vat": 23,
    "height": 0,
    "width": 0,
    "depth": 0,
    "weight": 0,
    "category": "Twarz-Piel\u0119gnacja twarzy-Kremy do twarzy---"
  },
  {
    "id": 366860,
    "navigateUrl": "/Produkt/Kremy-pod-oczy/Alterra-krem-pod-oczy-15-ml,366860,9224",
    "name": null,
    "caption": "krem pod oczy",
    "unit": "15 ml",
    "brand": "ALTERRA",
    "oldPrice": 13.79,
    "price": 10.29,
    "loyaltyPrice": null,
    "pricePerUnit": "100 ml = 68,60 z\u0142",
    "loyaltyPricePerUnit": null,
    "danNumber": null,
    "aGroupNrOld": null,
    "vat": 23,
    "height": 0,
    "width": 0,
    "depth": 0,
    "weight": 0,
    "category": "Twarz-Piel\u0119gnacja twarzy-Kremy pod oczy"
  },
  {
    "id": 366550,
    "navigateUrl": "/Produkt/Kremy-do-twarzy/Alterra-krem-na-dzien-skora-wrazliwa-50-ml,366550,9223",
    "name": null,
    "caption": "krem na dzie\u0144 sk\u00F3ra wra\u017Cliwa",
    "unit": "50 ml",
    "brand": "ALTERRA",
    "oldPrice": 12.79,
    "price": 9.49,
    "loyaltyPrice": null,
    "pricePerUnit": "100 ml = 18,98 z\u0142",
    "loyaltyPricePerUnit": null,
    "danNumber": null,
    "aGroupNrOld": null,
    "vat": 23,
    "height": 0,
    "width": 0,
    "depth": 0,
    "weight": 0,
    "category": "Twarz-Piel\u0119gnacja twarzy-Kremy do twarzy"
  },
  {
    "id": 366539,
    "navigateUrl": "/Produkt/Kremy-pod-oczy/Alterra-aloesowe-serum-pod-oczy-15-ml,366539,9224",
    "name": null,
    "caption": "aloesowe serum pod oczy",
    "unit": "15 ml",
    "brand": "ALTERRA",
    "oldPrice": 13.79,
    "price": 10.29,
    "loyaltyPrice": null,
    "pricePerUnit": "100 ml = 20,58 z\u0142",
    "loyaltyPricePerUnit": null,
    "danNumber": null,
    "aGroupNrOld": null,
    "vat": 23,
    "height": 0,
    "width": 0,
    "depth": 0,
    "weight": 0,
    "category": "Twarz-Piel\u0119gnacja twarzy-Kremy pod oczy"
  },
  {
    "id": 366542,
    "navigateUrl": "/Produkt/Kremy-do-twarzy/Alterra-krem-na-dzien-skora-sucha-i-wrazliwa-aloes-50-ml,366542,9223",
    "name": null,
    "caption": "krem na dzie\u0144 sk\u00F3ra sucha i wra\u017Cliwa, aloes",
    "unit": "50 ml",
    "brand": "ALTERRA",
    "oldPrice": 12.79,
    "price": 9.49,
    "loyaltyPrice": null,
    "pricePerUnit": "100 ml = 18,98 z\u0142",
    "loyaltyPricePerUnit": null,
    "danNumber": null,
    "aGroupNrOld": null,
    "vat": 23,
    "height": 0,
    "width": 0,
    "depth": 0,
    "weight": 0,
    "category": "Twarz-Piel\u0119gnacja twarzy-Kremy do twarzy"
  },
  {
    "id": 366543,
    "navigateUrl": "/Produkt/Kremy-do-twarzy/Alterra-krem-na-noc-skora-sucha-i-wrazliwa-aloes-50-ml,366543,9223",
    "name": null,
    "caption": "krem na noc sk\u00F3ra sucha i wra\u017Cliwa, aloes",
    "unit": "50 ml",
    "brand": "ALTERRA",
    "oldPrice": 12.79,
    "price": 9.49,
    "loyaltyPrice": null,
    "pricePerUnit": "100 ml = 18,98 z\u0142",
    "loyaltyPricePerUnit": null,
    "danNumber": null,
    "aGroupNrOld": null,
    "vat": 23,
    "height": 0,
    "width": 0,
    "depth": 0,
    "weight": 0,
    "category": "Twarz-Piel\u0119gnacja twarzy-Kremy do twarzy"
  },
  {
    "id": 357980,
    "navigateUrl": "/Produkt/Plyny-micelarne/Neutrogena-Clear-Soothe-zel-micelarny-kurkuma-200-ml,357980,8770",
    "name": "Clear \u0026 Soothe",
    "caption": "\u017Cel micelarny kurkuma",
    "unit": "200 ml",
    "brand": "NEUTROGENA",
    "oldPrice": 21.99,
    "price": 14.99,
    "loyaltyPrice": null,
    "pricePerUnit": "100 ml = 7,50 z\u0142",
    "loyaltyPricePerUnit": null,
    "danNumber": null,
    "aGroupNrOld": null,
    "vat": 23,
    "height": 0,
    "width": 0,
    "depth": 0,
    "weight": 0,
    "category": "Twarz-Oczyszczanie i demakija\u017C-P\u0142yny micelarne"
  },
  {
    "id": 357981,
    "navigateUrl": "/Produkt/Toniki-do-twarzy/Neutrogena-Clear-Soothe-mgielka-do-twarzy-z-kurkuma-125-ml,357981,8692",
    "name": "Clear \u0026 Soothe",
    "caption": "mgie\u0142ka do twarzy z kurkum\u0105",
    "unit": "125 ml",
    "brand": "NEUTROGENA",
    "oldPrice": 21.99,
    "price": 14.99,
    "loyaltyPrice": null,
    "pricePerUnit": "100 ml = 11,99 z\u0142",
    "loyaltyPricePerUnit": null,
    "danNumber": null,
    "aGroupNrOld": null,
    "vat": 23,
    "height": 0,
    "width": 0,
    "depth": 0,
    "weight": 0,
    "category": "Twarz-Oczyszczanie i demakija\u017C-Toniki do twarzy"
  },
  {
    "id": 357982,
    "navigateUrl": "/Produkt/Kremy-do-twarzy/Neutrogena-Clear-Soothe-krem-nawilzajacy-z-kurkuma-75-ml,357982,9223",
    "name": "Clear \u0026 Soothe",
    "caption": "krem nawil\u017Caj\u0105cy z kurkum\u0105",
    "unit": "75 ml",
    "brand": "NEUTROGENA",
    "oldPrice": 21.99,
    "price": 14.99,
    "loyaltyPrice": null,
    "pricePerUnit": "100 ml = 19,99 z\u0142",
    "loyaltyPricePerUnit": null,
    "danNumber": null,
    "aGroupNrOld": null,
    "vat": 23,
    "height": 0,
    "width": 0,
    "depth": 0,
    "weight": 0,
    "category": "Twarz-Piel\u0119gnacja twarzy-Kremy do twarzy"
  },
  {
    "id": 251082,
    "navigateUrl": "/Produkt/Zele-i-pianki-do-twarzy/Selfie-Project-zel-do-mycia-twarzy-250-ml,251082,8690",
    "name": null,
    "caption": "\u017Cel do mycia twarzy",
    "unit": "250 ml",
    "brand": "SELFIE PROJECT",
    "oldPrice": 17.49,
    "price": 10.99,
    "loyaltyPrice": null,
    "pricePerUnit": "100 ml = 4,40 z\u0142",
    "loyaltyPricePerUnit": null,
    "danNumber": null,
    "aGroupNrOld": null,
    "vat": 23,
    "height": 0,
    "width": 0,
    "depth": 0,
    "weight": 0,
    "category": "Twarz-Oczyszczanie i demakija\u017C-\u017Bele i pianki do twarzy"
  },
  {
    "id": 269028,
    "navigateUrl": "/Produkt/Peelingi-do-twarzy/Selfie-Project-aktywny-peeling-myjacy-150-ml,269028,8695",
    "name": null,
    "caption": "aktywny peeling myj\u0105cy",
    "unit": "150 ml",
    "brand": "SELFIE PROJECT",
    "oldPrice": 17.49,
    "price": 10.99,
    "loyaltyPrice": null,
    "pricePerUnit": "100 ml = 7,33 z\u0142",
    "loyaltyPricePerUnit": null,
    "danNumber": null,
    "aGroupNrOld": null,
    "vat": 23,
    "height": 0,
    "width": 0,
    "depth": 0,
    "weight": 0,
    "category": "Twarz-Oczyszczanie i demakija\u017C-Peelingi do twarzy"
  },
  {
    "id": 251085,
    "navigateUrl": "/Produkt/Kremy-do-twarzy/Selfie-Project-matujacy-krem-nawilzajacy-na-dzien-i-na-noc-50-ml,251085,9223",
    "name": null,
    "caption": "matuj\u0105cy krem nawil\u017Caj\u0105cy na dzie\u0144 i na noc",
    "unit": "50 ml",
    "brand": "SELFIE PROJECT",
    "oldPrice": 19.99,
    "price": 12.99,
    "loyaltyPrice": null,
    "pricePerUnit": "100 ml = 25,98 z\u0142",
    "loyaltyPricePerUnit": null,
    "danNumber": null,
    "aGroupNrOld": null,
    "vat": 23,
    "height": 0,
    "width": 0,
    "depth": 0,
    "weight": 0,
    "category": "Twarz-Piel\u0119gnacja twarzy-Kremy do twarzy"
  },
  {
    "id": 180432,
    "navigateUrl": "/Produkt/Toniki-do-twarzy/Barwa-Siarkowa-tonik-siarkowy-pielegnacja-antytradzikowa-200-ml,180432,8692",
    "name": null,
    "caption": "tonik siarkowy piel\u0119gnacja antytr\u0105dzikowa",
    "unit": "200 ml",
    "brand": "BARWA SIARKOWA",
    "oldPrice": 18.49,
    "price": 12.99,
    "loyaltyPrice": null,
    "pricePerUnit": "100 ml = 6,50 z\u0142",
    "loyaltyPricePerUnit": null,
    "danNumber": null,
    "aGroupNrOld": null,
    "vat": 23,
    "height": 0,
    "width": 0,
    "depth": 0,
    "weight": 0,
    "category": "Twarz-Oczyszczanie i demakija\u017C-Toniki do twarzy"
  },
  {
    "id": 120061,
    "navigateUrl": "/Produkt/Kremy-do-twarzy/Barwa-Siarkowa-siarkowy-krem-matujacy-antytradzikowy-50-ml,120061,9223",
    "name": null,
    "caption": "siarkowy krem matuj\u0105cy antytr\u0105dzikowy",
    "unit": "50 ml",
    "brand": "BARWA SIARKOWA",
    "oldPrice": 19.99,
    "price": 13.99,
    "loyaltyPrice": null,
    "pricePerUnit": "100 ml = 27,98 z\u0142",
    "loyaltyPricePerUnit": null,
    "danNumber": null,
    "aGroupNrOld": null,
    "vat": 23,
    "height": 0,
    "width": 0,
    "depth": 0,
    "weight": 0,
    "category": "Twarz-Piel\u0119gnacja twarzy-Kremy do twarzy"
  },
  {
    "id": 200860,
    "navigateUrl": "/Produkt/Kremy-do-twarzy/Barwa-Siarkowa-siarkowy-krem-nawilzajacy-50-ml,200860,9223",
    "name": null,
    "caption": "siarkowy krem nawil\u017Caj\u0105cy",
    "unit": "50 ml",
    "brand": "BARWA SIARKOWA",
    "oldPrice": 19.99,
    "price": 13.99,
    "loyaltyPrice": null,
    "pricePerUnit": "100 ml = 27,98 z\u0142",
    "loyaltyPricePerUnit": null,
    "danNumber": null,
    "aGroupNrOld": null,
    "vat": 23,
    "height": 0,
    "width": 0,
    "depth": 0,
    "weight": 0,
    "category": "Twarz-Piel\u0119gnacja twarzy-Kremy do twarzy"
  },
  {
    "id": 211825,
    "navigateUrl": "/Produkt/Plyny-micelarne/Garnier-Czysta-Skora-plyn-micelarny-3w1-dla-cery-tlustej-ze-sklonnoscia-do-niedoskonalosci-400-ml,211825,8770",
    "name": "Czysta Sk\u00F3ra",
    "caption": "p\u0142yn micelarny 3w1 dla cery t\u0142ustej ze sk\u0142onno\u015Bci\u0105 do niedoskona\u0142o\u015Bci",
    "unit": "400 ml",
    "brand": "GARNIER",
    "oldPrice": 21.99,
    "price": 15.49,
    "loyaltyPrice": null,
    "pricePerUnit": "100 ml = 3,87 z\u0142",
    "loyaltyPricePerUnit": null,
    "danNumber": null,
    "aGroupNrOld": null,
    "vat": 23,
    "height": 0,
    "width": 0,
    "depth": 0,
    "weight": 0,
    "category": "Twarz-Oczyszczanie i demakija\u017C-P\u0142yny micelarne"
  },
  {
    "id": 45690,
    "navigateUrl": "/Produkt/Zele-i-pianki-do-twarzy/Garnier-Czysta-Skora-3w1-zel-myjacy-peeling-maseczka-150-ml,45690,8690",
    "name": "Czysta Sk\u00F3ra",
    "caption": "3w1 \u017Cel myj\u0105cy\u002Bpeeling\u002B maseczka",
    "unit": "150 ml",
    "brand": "GARNIER",
    "oldPrice": 19.99,
    "price": 13.99,
    "loyaltyPrice": null,
    "pricePerUnit": "100 ml = 9,33 z\u0142",
    "loyaltyPricePerUnit": null,
    "danNumber": null,
    "aGroupNrOld": null,
    "vat": 23,
    "height": 0,
    "width": 0,
    "depth": 0,
    "weight": 0,
    "category": "Twarz-Oczyszczanie i demakija\u017C-\u017Bele i pianki do twarzy"
  },
  {
    "id": 17334,
    "navigateUrl": "/Produkt/Zele-i-pianki-do-twarzy/Garnier-Czysta-Skora-zel-oczyszczajacy-do-cery-tlustej-ze-sklonnoscia-do-niedoskonalosci-200-ml,17334,8690",
    "name": "Czysta Sk\u00F3ra",
    "caption": "\u017Cel oczyszczaj\u0105cy do cery t\u0142ustej ze sk\u0142onno\u015Bci\u0105 do niedoskona\u0142o\u015Bci",
    "unit": "200 ml",
    "brand": "GARNIER",
    "oldPrice": 10.99,
    "price": 7.99,
    "loyaltyPrice": null,
    "pricePerUnit": "100 ml = 4,00 z\u0142",
    "loyaltyPricePerUnit": null,
    "danNumber": null,
    "aGroupNrOld": null,
    "vat": 23,
    "height": 0,
    "width": 0,
    "depth": 0,
    "weight": 0,
    "category": "Twarz-Oczyszczanie i demakija\u017C-\u017Bele i pianki do twarzy"
  },
  {
    "id": 14430,
    "navigateUrl": "/Produkt/Toniki-do-twarzy/Garnier-Czysta-Skora-matujacy-tonik-zwezajacy-pory-do-cery-mieszanej-tlustej-i-z-niedoskonalosciami,14430,8692",
    "name": "Czysta Sk\u00F3ra",
    "caption": "matuj\u0105cy tonik zw\u0119\u017Caj\u0105cy pory do cery mieszanej, t\u0142ustej i z niedoskona\u0142o\u015Bciami",
    "unit": "200 ml",
    "brand": "GARNIER",
    "oldPrice": 10.99,
    "price": 7.99,
    "loyaltyPrice": null,
    "pricePerUnit": "100 ml = 4,00 z\u0142",
    "loyaltyPricePerUnit": null,
    "danNumber": null,
    "aGroupNrOld": null,
    "vat": 23,
    "height": 0,
    "width": 0,
    "depth": 0,
    "weight": 0,
    "category": "Twarz-Oczyszczanie i demakija\u017C-Toniki do twarzy"
  },
  {
    "id": 45245,
    "navigateUrl": "/Produkt/Pudry/Isana-puder-kompakt-naturalny-9-g,45245,8546",
    "name": null,
    "caption": "puder kompakt, naturalny",
    "unit": "9 g",
    "brand": "ISANA",
    "oldPrice": 11.49,
    "price": 7.99,
    "loyaltyPrice": null,
    "pricePerUnit": "100 g = 88,78 z\u0142",
    "loyaltyPricePerUnit": null,
    "danNumber": null,
    "aGroupNrOld": null,
    "vat": 23,
    "height": 0,
    "width": 0,
    "depth": 0,
    "weight": 0,
    "category": "Makija\u017C-Twarz-Pudry"
  },
  {
    "id": 251566,
    "navigateUrl": "/Produkt/Pudry/Isana-puder-2w1-Sredni-9-g,251566,8546",
    "name": null,
    "caption": "puder 2w1 \u015Aredni",
    "unit": "9 g",
    "brand": "ISANA",
    "oldPrice": 11.79,
    "price": 8.29,
    "loyaltyPrice": null,
    "pricePerUnit": "100 g = 92,11 z\u0142",
    "loyaltyPricePerUnit": null,
    "danNumber": null,
    "aGroupNrOld": null,
    "vat": 23,
    "height": 0,
    "width": 0,
    "depth": 0,
    "weight": 0,
    "category": "Makija\u017C-Twarz-Pudry"
  },
  {
    "id": 251571,
    "navigateUrl": "/Produkt/Pudry/Isana-puder-2w1-Jasny-9-g,251571,8546",
    "name": null,
    "caption": "puder 2w1 Jasny",
    "unit": "9 g",
    "brand": "ISANA",
    "oldPrice": 11.79,
    "price": 8.29,
    "loyaltyPrice": null,
    "pricePerUnit": "100 g = 92,11 z\u0142",
    "loyaltyPricePerUnit": null,
    "danNumber": null,
    "aGroupNrOld": null,
    "vat": 23,
    "height": 0,
    "width": 0,
    "depth": 0,
    "weight": 0,
    "category": "Makija\u017C-Twarz-Pudry"
  },
  {
    "id": 45247,
    "navigateUrl": "/Produkt/Pudry/Isana-puder-kompakt-piasek-9-g,45247,8546",
    "name": null,
    "caption": "puder kompakt, piasek",
    "unit": "9 g",
    "brand": "ISANA",
    "oldPrice": 11.49,
    "price": 7.99,
    "loyaltyPrice": null,
    "pricePerUnit": "100 g = 88,78 z\u0142",
    "loyaltyPricePerUnit": null,
    "danNumber": null,
    "aGroupNrOld": null,
    "vat": 23,
    "height": 0,
    "width": 0,
    "depth": 0,
    "weight": 0,
    "category": "Makija\u017C-Twarz-Pudry"
  },
  {
    "id": 251086,
    "navigateUrl": "/Produkt/Peelingi-do-twarzy/Selfie-Project-ultra-oczyszczajace-plastry-na-nos-4-szt,251086,8695",
    "name": null,
    "caption": "ultra oczyszczaj\u0105ce plastry na nos",
    "unit": "4 szt.",
    "brand": "SELFIE PROJECT",
    "oldPrice": 12.99,
    "price": 7.99,
    "loyaltyPrice": null,
    "pricePerUnit": "100 szt. = 199,75 z\u0142",
    "loyaltyPricePerUnit": null,
    "danNumber": null,
    "aGroupNrOld": null,
    "vat": 23,
    "height": 0,
    "width": 0,
    "depth": 0,
    "weight": 0,
    "category": "Twarz-Oczyszczanie i demakija\u017C-Peelingi do twarzy"
  },
  {
    "id": 372411,
    "navigateUrl": "/Produkt/Peelingi-do-twarzy/Selfie-Project-punktowe-gwiazdki-przeciw-wypryskom-20-szt,372411,8695",
    "name": null,
    "caption": "punktowe gwiazdki przeciw wypryskom",
    "unit": "20 szt.",
    "brand": "SELFIE PROJECT",
    "oldPrice": 12.99,
    "price": 7.99,
    "loyaltyPrice": null,
    "pricePerUnit": "1 szt. = 0,40 z\u0142",
    "loyaltyPricePerUnit": null,
    "danNumber": null,
    "aGroupNrOld": null,
    "vat": 23,
    "height": 0,
    "width": 0,
    "depth": 0,
    "weight": 0,
    "category": "Twarz-Oczyszczanie i demakija\u017C-Peelingi do twarzy"
  },
  {
    "id": 372412,
    "navigateUrl": "/Produkt/Peelingi-do-twarzy/Selfie-Project-oczyszczajace-plastry-na-nos-3-szt,372412,8695",
    "name": null,
    "caption": "oczyszczaj\u0105ce plastry na nos",
    "unit": "3 szt.",
    "brand": "SELFIE PROJECT",
    "oldPrice": 12.99,
    "price": 7.99,
    "loyaltyPrice": null,
    "pricePerUnit": "1 szt. = 2,66 z\u0142",
    "loyaltyPricePerUnit": null,
    "danNumber": null,
    "aGroupNrOld": null,
    "vat": 23,
    "height": 0,
    "width": 0,
    "depth": 0,
    "weight": 0,
    "category": "Twarz-Oczyszczanie i demakija\u017C-Peelingi do twarzy"
  },
  {
    "id": 247068,
    "navigateUrl": "/Produkt/Maseczki/Bielenda-Carbo-Detox-oczyszczajaca-maska-weglowa-cera-mieszana-i-tlusta-8-g,247068,9226",
    "name": "Carbo Detox",
    "caption": "oczyszczaj\u0105ca maska w\u0119glowa cera mieszana i t\u0142usta",
    "unit": "8 g",
    "brand": "BIELENDA",
    "oldPrice": 3.19,
    "price": 2.39,
    "loyaltyPrice": null,
    "pricePerUnit": "100 g = 23,90 z\u0142",
    "loyaltyPricePerUnit": null,
    "danNumber": null,
    "aGroupNrOld": null,
    "vat": 23,
    "height": 0,
    "width": 0,
    "depth": 0,
    "weight": 0,
    "category": "Twarz-Piel\u0119gnacja twarzy-Maseczki"
  },
  {
    "id": 269029,
    "navigateUrl": "/Produkt/Peelingi-do-twarzy/Selfie-Project-czarna-maska-peel-off-50-g,269029,8695",
    "name": null,
    "caption": "czarna maska peel-off",
    "unit": "50 g",
    "brand": "SELFIE PROJECT",
    "oldPrice": 22.49,
    "price": 13.99,
    "loyaltyPrice": null,
    "pricePerUnit": "100 g = 27,98 z\u0142",
    "loyaltyPricePerUnit": null,
    "danNumber": null,
    "aGroupNrOld": null,
    "vat": 23,
    "height": 0,
    "width": 0,
    "depth": 0,
    "weight": 0,
    "category": "Twarz-Oczyszczanie i demakija\u017C-Peelingi do twarzy"
  },
  {
    "id": 370539,
    "navigateUrl": "/Produkt/Maseczki/Garnier-Pure-Active-oczyszczajaca-maska-na-tkaninie-przeciw-niedoskonalosciom-1-szt,370539,9226",
    "name": "Pure Active",
    "caption": "oczyszczaj\u0105ca maska na tkaninie przeciw niedoskona\u0142o\u015Bciom",
    "unit": "1 szt.",
    "brand": "GARNIER",
    "oldPrice": 12.49,
    "price": 8.79,
    "loyaltyPrice": null,
    "pricePerUnit": "100 g = 38,22 z\u0142",
    "loyaltyPricePerUnit": null,
    "danNumber": null,
    "aGroupNrOld": null,
    "vat": 23,
    "height": 0,
    "width": 0,
    "depth": 0,
    "weight": 0,
    "category": "Twarz-Piel\u0119gnacja twarzy-Maseczki"
  },
  {
    "id": 372407,
    "navigateUrl": "/Produkt/Maseczki/Selfie-Project-Galaxy-Masks-oczyszczajaca-maseczka-peel-off-12-ml,372407,9226",
    "name": "Galaxy Masks",
    "caption": "oczyszczaj\u0105ca maseczka peel-off",
    "unit": "12 ml",
    "brand": "SELFIE PROJECT",
    "oldPrice": 5.99,
    "price": 3.79,
    "loyaltyPrice": null,
    "pricePerUnit": "100 ml = 31,58 z\u0142",
    "loyaltyPricePerUnit": null,
    "danNumber": null,
    "aGroupNrOld": null,
    "vat": 23,
    "height": 0,
    "width": 0,
    "depth": 0,
    "weight": 0,
    "category": "Twarz-Piel\u0119gnacja twarzy-Maseczki"
  },
  {
    "id": 269228,
    "navigateUrl": "/Produkt/Maseczki/Bielenda-Carbo-Detox-oczyszczajaca-maska-weglowa-peel-off-2x6g,269228,9226",
    "name": "Carbo Detox",
    "caption": "oczyszczaj\u0105ca maska w\u0119glowa, peel off",
    "unit": "2x6g",
    "brand": "BIELENDA",
    "oldPrice": 4.99,
    "price": 3.69,
    "loyaltyPrice": null,
    "pricePerUnit": "100 g = 36,90 z\u0142",
    "loyaltyPricePerUnit": null,
    "danNumber": null,
    "aGroupNrOld": null,
    "vat": 23,
    "height": 0,
    "width": 0,
    "depth": 0,
    "weight": 0,
    "category": "Twarz-Piel\u0119gnacja twarzy-Maseczki"
  },
  {
    "id": 290022,
    "navigateUrl": "/Produkt/Plyny-micelarne/Nivea-Linia-Profesjonalna-profesjonalny-dwufazowy-plyn-MicellAIR-400-ml,290022,8770",
    "name": "Linia Profesjonalna",
    "caption": "profesjonalny dwufazowy p\u0142yn MicellAIR",
    "unit": "400 ml",
    "brand": "NIVEA",
    "oldPrice": 25.99,
    "price": 16.99,
    "loyaltyPrice": null,
    "pricePerUnit": "100 ml = 4,25 z\u0142",
    "loyaltyPricePerUnit": null,
    "danNumber": null,
    "aGroupNrOld": null,
    "vat": 23,
    "height": 0,
    "width": 0,
    "depth": 0,
    "weight": 0,
    "category": "Twarz-Oczyszczanie i demakija\u017C-P\u0142yny micelarne"
  },
  {
    "id": 357679,
    "navigateUrl": "/Produkt/Kremy-do-twarzy/beBio-Ewa-Chodakowska-naturalny-krem-odzywczo-regenerujacy-na-dzien-50-ml,357679,9223",
    "name": "Ewa Chodakowska",
    "caption": "naturalny krem od\u017Cywczo-regeneruj\u0105cy na dzie\u0144",
    "unit": "50 ml",
    "brand": "BEBIO",
    "oldPrice": 42.99,
    "price": 31.99,
    "loyaltyPrice": null,
    "pricePerUnit": "100 ml = 63,98 z\u0142",
    "loyaltyPricePerUnit": null,
    "danNumber": null,
    "aGroupNrOld": null,
    "vat": 23,
    "height": 0,
    "width": 0,
    "depth": 0,
    "weight": 0,
    "category": "Twarz-Piel\u0119gnacja twarzy-Kremy do twarzy"
  },
  {
    "id": 357680,
    "navigateUrl": "/Produkt/Kremy-do-twarzy/beBio-Ewa-Chodakowska-naturalny-krem-odzywczo-regenerujacy-na-noc-50-ml,357680,9223",
    "name": "Ewa Chodakowska",
    "caption": "naturalny krem od\u017Cywczo-regeneruj\u0105cy na noc",
    "unit": "50 ml",
    "brand": "BEBIO",
    "oldPrice": 42.99,
    "price": 31.99,
    "loyaltyPrice": null,
    "pricePerUnit": "100 ml = 63,98 z\u0142",
    "loyaltyPricePerUnit": null,
    "danNumber": null,
    "aGroupNrOld": null,
    "vat": 23,
    "height": 0,
    "width": 0,
    "depth": 0,
    "weight": 0,
    "category": "Twarz-Piel\u0119gnacja twarzy-Kremy do twarzy"
  },
  {
    "id": 357693,
    "navigateUrl": "/Produkt/Kremy-do-twarzy/beBio-Ewa-Chodakowska-naturalny-krem-nawilzajacy-na-dzien-i-na-noc-75-ml,357693,9223",
    "name": "Ewa Chodakowska",
    "caption": "naturalny krem nawil\u017Caj\u0105cy na dzie\u0144 i na noc",
    "unit": "75 ml",
    "brand": "BEBIO",
    "oldPrice": 31.99,
    "price": 23.99,
    "loyaltyPrice": null,
    "pricePerUnit": "100 ml = 31,99 z\u0142",
    "loyaltyPricePerUnit": null,
    "danNumber": null,
    "aGroupNrOld": null,
    "vat": 23,
    "height": 0,
    "width": 0,
    "depth": 0,
    "weight": 0,
    "category": "Twarz-Piel\u0119gnacja twarzy-Kremy do twarzy"
  },
  {
    "id": 357682,
    "navigateUrl": "/Produkt/Serum/beBio-Ewa-Chodakowska-naturalne-serum-olejek-odzywczo-regenerujace-30-ml,357682,9225",
    "name": "Ewa Chodakowska",
    "caption": "naturalne serum-olejek od\u017Cywczo- regeneruj\u0105ce",
    "unit": "30 ml",
    "brand": "BEBIO",
    "oldPrice": 42.99,
    "price": 31.99,
    "loyaltyPrice": null,
    "pricePerUnit": "100 ml = 106,63 z\u0142",
    "loyaltyPricePerUnit": null,
    "danNumber": null,
    "aGroupNrOld": null,
    "vat": 23,
    "height": 0,
    "width": 0,
    "depth": 0,
    "weight": 0,
    "category": "Twarz-Piel\u0119gnacja twarzy-Serum"
  },
  {
    "id": 357681,
    "navigateUrl": "/Produkt/Kremy-pod-oczy/beBio-Ewa-Chodakowska-naturalny-krem-pod-oczy-odzywczo-wygladzajacy-15-ml,357681,9224",
    "name": "Ewa Chodakowska",
    "caption": "naturalny krem pod oczy od\u017Cywczo-wyg\u0142adzaj\u0105cy",
    "unit": "15 ml",
    "brand": "BEBIO",
    "oldPrice": 31.99,
    "price": 23.99,
    "loyaltyPrice": null,
    "pricePerUnit": "100 ml = 159,93 z\u0142",
    "loyaltyPricePerUnit": null,
    "danNumber": null,
    "aGroupNrOld": null,
    "vat": 23,
    "height": 0,
    "width": 0,
    "depth": 0,
    "weight": 0,
    "category": "Twarz-Piel\u0119gnacja twarzy-Kremy pod oczy"
  },
  {
    "id": 342698,
    "navigateUrl": "/Produkt/Plyny-micelarne/FaceBoom-woda-micelarna-do-demakijazu-500-ml,342698,8770",
    "name": null,
    "caption": "woda micelarna do demakija\u017Cu",
    "unit": "500 ml",
    "brand": "FACEBOOM",
    "oldPrice": 19.99,
    "price": 13.99,
    "loyaltyPrice": null,
    "pricePerUnit": "100 ml = 2,80 z\u0142",
    "loyaltyPricePerUnit": null,
    "danNumber": null,
    "aGroupNrOld": null,
    "vat": 23,
    "height": 0,
    "width": 0,
    "depth": 0,
    "weight": 0,
    "category": "Twarz-Oczyszczanie i demakija\u017C-P\u0142yny micelarne"
  },
  {
    "id": 265455,
    "navigateUrl": "/Produkt/Serum/Tolpa-dermo-face-hydrativ-nawilzajaca-plynna-esencja-pod-krem-75-ml,265455,9225",
    "name": "dermo face hydrativ",
    "caption": "nawil\u017Caj\u0105ca p\u0142ynna esencja pod krem",
    "unit": "75 ml",
    "brand": "TO\u0141PA",
    "oldPrice": 36.99,
    "price": 23.99,
    "loyaltyPrice": null,
    "pricePerUnit": "100 ml = 31,99 z\u0142",
    "loyaltyPricePerUnit": null,
    "danNumber": null,
    "aGroupNrOld": null,
    "vat": 23,
    "height": 0,
    "width": 0,
    "depth": 0,
    "weight": 0,
    "category": "Twarz-Piel\u0119gnacja twarzy-Serum"
  },
  {
    "id": 114849,
    "navigateUrl": "/Produkt/Kremy-do-twarzy/Tolpa-dermo-face-hydrativ-nawilzajacy-krem-odprezajacy-na-dzien-skora-normalna-i-mieszana-odwodnion,114849,9223",
    "name": "dermo face hydrativ",
    "caption": "nawil\u017Caj\u0105cy krem odpr\u0119\u017Caj\u0105cy na dzie\u0144 sk\u00F3ra normalna i mieszana, odwodniona",
    "unit": "40 ml",
    "brand": "TO\u0141PA",
    "oldPrice": 36.99,
    "price": 23.99,
    "loyaltyPrice": null,
    "pricePerUnit": "100 ml = 59,98 z\u0142",
    "loyaltyPricePerUnit": null,
    "danNumber": null,
    "aGroupNrOld": null,
    "vat": 23,
    "height": 0,
    "width": 0,
    "depth": 0,
    "weight": 0,
    "category": "Twarz-Piel\u0119gnacja twarzy-Kremy do twarzy"
  },
  {
    "id": 114850,
    "navigateUrl": "/Produkt/Kremy-do-twarzy/Tolpa-dermo-face-hydrativ-nawilzajacy-krem-lagodzacy-na-dzien-SPF-10-40-ml,114850,9223",
    "name": "dermo face  hydrativ",
    "caption": "nawil\u017Caj\u0105cy krem \u0142agodz\u0105cy na dzie\u0144, SPF 10",
    "unit": "40 ml",
    "brand": "TO\u0141PA",
    "oldPrice": 36.99,
    "price": 23.99,
    "loyaltyPrice": null,
    "pricePerUnit": "100 ml = 59,98 z\u0142",
    "loyaltyPricePerUnit": null,
    "danNumber": null,
    "aGroupNrOld": null,
    "vat": 23,
    "height": 0,
    "width": 0,
    "depth": 0,
    "weight": 0,
    "category": "Twarz-Piel\u0119gnacja twarzy-Kremy do twarzy"
  },
  {
    "id": 315780,
    "navigateUrl": "/Produkt/Plyny-micelarne/Eveline-Cosmetics-Royal-Snail-skoncentrowany-regenerujacy-plyn-micelarny-3w1-500-ml,315780,8770",
    "name": "Royal Snail",
    "caption": "skoncentrowany, regeneruj\u0105cy p\u0142yn micelarny, 3w1",
    "unit": "500 ml",
    "brand": "EVELINE COSMETICS",
    "oldPrice": 18.99,
    "price": 14.99,
    "loyaltyPrice": null,
    "pricePerUnit": "100 ml = 3,00 z\u0142",
    "loyaltyPricePerUnit": null,
    "danNumber": null,
    "aGroupNrOld": null,
    "vat": 23,
    "height": 0,
    "width": 0,
    "depth": 0,
    "weight": 0,
    "category": "Twarz-Oczyszczanie i demakija\u017C-P\u0142yny micelarne"
  },
  {
    "id": 329932,
    "navigateUrl": "/Produkt/Plyny-micelarne/Biotaniqe-Aloe-Vera-plyn-micelarny-aloesowy-400-ml,329932,8770",
    "name": "Aloe Vera",
    "caption": "p\u0142yn micelarny aloesowy",
    "unit": "400 ml",
    "brand": "BIOTANIQE",
    "oldPrice": 18.99,
    "price": 12.49,
    "loyaltyPrice": null,
    "pricePerUnit": "100 ml = 3,12 z\u0142",
    "loyaltyPricePerUnit": null,
    "danNumber": null,
    "aGroupNrOld": null,
    "vat": 23,
    "height": 0,
    "width": 0,
    "depth": 0,
    "weight": 0,
    "category": "Twarz-Oczyszczanie i demakija\u017C-P\u0142yny micelarne"
  },
  {
    "id": 315728,
    "navigateUrl": "/Produkt/Plyny-micelarne/Lirene-lagodzacy-plyn-micelarnydo-kazdego-typu-cery-400-ml,315728,8770",
    "name": null,
    "caption": "\u0142agodz\u0105cy p\u0142yn micelarnydo ka\u017Cdego typu cery",
    "unit": "400 ml",
    "brand": "LIRENE",
    "oldPrice": 17.99,
    "price": 13.99,
    "loyaltyPrice": null,
    "pricePerUnit": "100 ml = 3,50 z\u0142",
    "loyaltyPricePerUnit": null,
    "danNumber": null,
    "aGroupNrOld": null,
    "vat": 23,
    "height": 0,
    "width": 0,
    "depth": 0,
    "weight": 0,
    "category": "Twarz-Oczyszczanie i demakija\u017C-P\u0142yny micelarne"
  },
  {
    "id": 229752,
    "navigateUrl": "/Produkt/Plyny-micelarne/Lirene-plyn-micelarny-z-mineralami-Morza-Martwego-400-ml,229752,8770",
    "name": null,
    "caption": "p\u0142yn micelarny z minera\u0142ami Morza Martwego",
    "unit": "400 ml",
    "brand": "LIRENE",
    "oldPrice": 17.99,
    "price": 13.99,
    "loyaltyPrice": null,
    "pricePerUnit": "100 ml = 3,50 z\u0142",
    "loyaltyPricePerUnit": null,
    "danNumber": null,
    "aGroupNrOld": null,
    "vat": 23,
    "height": 0,
    "width": 0,
    "depth": 0,
    "weight": 0,
    "category": "Twarz-Oczyszczanie i demakija\u017C-P\u0142yny micelarne"
  },
  {
    "id": 331536,
    "navigateUrl": "/Produkt/Plyny-micelarne/Lirene-Cera-Naczynkowa-plyn-micelarny-3w1-zurawina-200-ml,331536,8770",
    "name": "Cera Naczynkowa",
    "caption": "p\u0142yn micelarny 3w1, \u017Curawina",
    "unit": "200 ml",
    "brand": "LIRENE",
    "oldPrice": 16.49,
    "price": 11.99,
    "loyaltyPrice": null,
    "pricePerUnit": "100 ml = 6,00 z\u0142",
    "loyaltyPricePerUnit": null,
    "danNumber": null,
    "aGroupNrOld": null,
    "vat": 23,
    "height": 0,
    "width": 0,
    "depth": 0,
    "weight": 0,
    "category": "Twarz-Oczyszczanie i demakija\u017C-P\u0142yny micelarne"
  },
  {
    "id": 338190,
    "navigateUrl": "/Produkt/Toniki-do-twarzy/Isana-oczyszczajacy-tonik-do-twarzy-200-ml,338190,8692",
    "name": null,
    "caption": "oczyszczaj\u0105cy tonik do twarzy",
    "unit": "200 ml",
    "brand": "ISANA",
    "oldPrice": 5.29,
    "price": 3.69,
    "loyaltyPrice": null,
    "pricePerUnit": "100 ml = 1,85 z\u0142",
    "loyaltyPricePerUnit": null,
    "danNumber": null,
    "aGroupNrOld": null,
    "vat": 23,
    "height": 0,
    "width": 0,
    "depth": 0,
    "weight": 0,
    "category": "Twarz-Oczyszczanie i demakija\u017C-Toniki do twarzy"
  },
  {
    "id": 291378,
    "navigateUrl": "/Produkt/Plyny-micelarne/Nivea-Rose-Touch-micelarny-plyn-dwufazowy-plyn-do-demakijazu-oczu-400-ml,291378,8770",
    "name": "Rose Touch",
    "caption": "micelarny p\u0142yn dwufazowy p\u0142yn do demakija\u017Cu oczu",
    "unit": "400 ml",
    "brand": "NIVEA",
    "oldPrice": 25.99,
    "price": 16.99,
    "loyaltyPrice": null,
    "pricePerUnit": "100 ml = 4,25 z\u0142",
    "loyaltyPricePerUnit": null,
    "danNumber": null,
    "aGroupNrOld": null,
    "vat": 23,
    "height": 0,
    "width": 0,
    "depth": 0,
    "weight": 0,
    "category": "Twarz-Oczyszczanie i demakija\u017C-P\u0142yny micelarne"
  },
  {
    "id": 262264,
    "navigateUrl": "/Produkt/Mleczka/LOreal-Paris-Rare-flowers-mleczko-lagodzace-skora-sucha-i-wrazliwa-roza-i-jasmin-200-ml,262264,8689",
    "name": "Rare flowers",
    "caption": "mleczko \u0142agodz\u0105ce, sk\u00F3ra sucha i wra\u017Cliwa r\u00F3\u017Ca i ja\u015Bmin",
    "unit": "200 ml",
    "brand": "L\u0027OR\u00C9AL PARIS",
    "oldPrice": 16.99,
    "price": 13.99,
    "loyaltyPrice": null,
    "pricePerUnit": "100 ml = 7,00 z\u0142",
    "loyaltyPricePerUnit": null,
    "danNumber": null,
    "aGroupNrOld": null,
    "vat": 23,
    "height": 0,
    "width": 0,
    "depth": 0,
    "weight": 0,
    "category": "Twarz-Oczyszczanie i demakija\u017C-Mleczka"
  },
  {
    "id": 366555,
    "navigateUrl": "/Produkt/Mleczka/Alterra-mleczko-do-twarzy-150-ml,366555,8689",
    "name": null,
    "caption": "mleczko do twarzy",
    "unit": "150 ml",
    "brand": "ALTERRA",
    "oldPrice": 12.99,
    "price": 8.99,
    "loyaltyPrice": null,
    "pricePerUnit": "100 ml = 5,99 z\u0142",
    "loyaltyPricePerUnit": null,
    "danNumber": null,
    "aGroupNrOld": null,
    "vat": 23,
    "height": 0,
    "width": 0,
    "depth": 0,
    "weight": 0,
    "category": "Twarz-Oczyszczanie i demakija\u017C-Mleczka"
  },
  {
    "id": 200921,
    "navigateUrl": "/Produkt/Mleczka/Ziaja-mleczko-micelarne-nawilzajace-200-ml,200921,8689",
    "name": null,
    "caption": "mleczko micelarne nawil\u017Caj\u0105ce",
    "unit": "200 ml",
    "brand": "ZIAJA",
    "oldPrice": 8.99,
    "price": 7.99,
    "loyaltyPrice": null,
    "pricePerUnit": "100 ml = 4,00 z\u0142",
    "loyaltyPricePerUnit": null,
    "danNumber": null,
    "aGroupNrOld": null,
    "vat": 23,
    "height": 0,
    "width": 0,
    "depth": 0,
    "weight": 0,
    "category": "Twarz-Oczyszczanie i demakija\u017C-Mleczka"
  },
  {
    "id": 366546,
    "navigateUrl": "/Produkt/Mleczka/Isana-mleczko-do-twarzy-kazdy-rodzaj-skory-200-ml,366546,8689",
    "name": null,
    "caption": "mleczko do twarzy ka\u017Cdy rodzaj sk\u00F3ry",
    "unit": "200 ml",
    "brand": "ISANA",
    "oldPrice": 6.39,
    "price": 4.49,
    "loyaltyPrice": null,
    "pricePerUnit": "100 ml = 2,25 z\u0142",
    "loyaltyPricePerUnit": null,
    "danNumber": null,
    "aGroupNrOld": null,
    "vat": 23,
    "height": 0,
    "width": 0,
    "depth": 0,
    "weight": 0,
    "category": "Twarz-Oczyszczanie i demakija\u017C-Mleczka"
  },
  {
    "id": 366277,
    "navigateUrl": "/Produkt/Zele-i-pianki-do-twarzy/FaceBoom-maslo-do-demakijazu-40-g,366277,8690",
    "name": null,
    "caption": "mas\u0142o do demakija\u017Cu ",
    "unit": "40 g",
    "brand": "FACEBOOM",
    "oldPrice": 22.49,
    "price": 14.99,
    "loyaltyPrice": null,
    "pricePerUnit": "100 g = 37,48 z\u0142",
    "loyaltyPricePerUnit": null,
    "danNumber": null,
    "aGroupNrOld": null,
    "vat": 23,
    "height": 0,
    "width": 0,
    "depth": 0,
    "weight": 0,
    "category": "Twarz-Oczyszczanie i demakija\u017C-\u017Bele i pianki do twarzy"
  },
  {
    "id": 367466,
    "navigateUrl": "/Produkt/Zele-i-pianki-do-twarzy/Onlybio-Ritualia-Joy-pianka-myjaca-jedwabista-150-ml,367466,8690",
    "name": "Ritualia Joy",
    "caption": "pianka myj\u0105ca jedwabista",
    "unit": "150 ml",
    "brand": "ONLYBIO",
    "oldPrice": 41.99,
    "price": 27.99,
    "loyaltyPrice": null,
    "pricePerUnit": "1 ml = 0,19 z\u0142",
    "loyaltyPricePerUnit": null,
    "danNumber": null,
    "aGroupNrOld": null,
    "vat": 23,
    "height": 0,
    "width": 0,
    "depth": 0,
    "weight": 0,
    "category": "Twarz-Oczyszczanie i demakija\u017C-\u017Bele i pianki do twarzy"
  },
  {
    "id": 372610,
    "navigateUrl": "/Produkt/Serum/Bielenda-ECO-Sorbet-serum-booster-nawilzajaco-kojace-30-ml,372610,9225",
    "name": "ECO Sorbet",
    "caption": "serum booster nawil\u017Caj\u0105co-koj\u0105ce",
    "unit": "30 ml",
    "brand": "BIELENDA",
    "oldPrice": 25.99,
    "price": 18.49,
    "loyaltyPrice": null,
    "pricePerUnit": "100 ml = 61,63 z\u0142",
    "loyaltyPricePerUnit": null,
    "danNumber": null,
    "aGroupNrOld": null,
    "vat": 23,
    "height": 0,
    "width": 0,
    "depth": 0,
    "weight": 0,
    "category": "Twarz-Piel\u0119gnacja twarzy-Serum"
  },
  {
    "id": 366544,
    "navigateUrl": "/Produkt/Olejki-myjace/Alterra-olejek-do-demakijazu-BIO-algi-100-ml,366544,8693",
    "name": null,
    "caption": "olejek do demakija\u017Cu BIO algi",
    "unit": "100 ml",
    "brand": "ALTERRA",
    "oldPrice": 13.99,
    "price": 9.79,
    "loyaltyPrice": null,
    "pricePerUnit": "100 ml = 9,79 z\u0142",
    "loyaltyPricePerUnit": null,
    "danNumber": null,
    "aGroupNrOld": null,
    "vat": 23,
    "height": 0,
    "width": 0,
    "depth": 0,
    "weight": 0,
    "category": "Twarz-Oczyszczanie i demakija\u017C-Olejki myj\u0105ce"
  },
  {
    "id": 372611,
    "navigateUrl": "/Produkt/Kremy-do-twarzy/Bielenda-ECO-Sorbet-nawilzajacy-krem-kojacy-na-dzien-i-na-noc-50-ml,372611,9223",
    "name": "ECO Sorbet",
    "caption": "nawil\u017Caj\u0105cy krem koj\u0105cy na dzie\u0144 i na noc",
    "unit": "50 ml",
    "brand": "BIELENDA",
    "oldPrice": 24.99,
    "price": 19.99,
    "loyaltyPrice": null,
    "pricePerUnit": "100 ml = 39,98 z\u0142",
    "loyaltyPricePerUnit": null,
    "danNumber": null,
    "aGroupNrOld": null,
    "vat": 23,
    "height": 0,
    "width": 0,
    "depth": 0,
    "weight": 0,
    "category": "Twarz-Piel\u0119gnacja twarzy-Kremy do twarzy"
  },
  {
    "id": 342728,
    "navigateUrl": "/Produkt/Peelingi-do-twarzy/FaceBoom-puder-enzymatyczny-do-oczyszczania-twarzy-20-g,342728,8695",
    "name": null,
    "caption": "puder enzymatyczny do oczyszczania twarzy",
    "unit": "20 g",
    "brand": "FACEBOOM",
    "oldPrice": 21.99,
    "price": 16.99,
    "loyaltyPrice": null,
    "pricePerUnit": "100 ml = 84,95 z\u0142",
    "loyaltyPricePerUnit": null,
    "danNumber": null,
    "aGroupNrOld": null,
    "vat": 23,
    "height": 0,
    "width": 0,
    "depth": 0,
    "weight": 0,
    "category": "Twarz-Oczyszczanie i demakija\u017C-Peelingi do twarzy"
  },
  {
    "id": 372621,
    "navigateUrl": "/Produkt/Serum/Bielenda-ECO-Sorbet-serum-booster-nawilzajaco-odzywcze-30-ml,372621,9225",
    "name": "ECO Sorbet",
    "caption": "serum booster nawil\u017Caj\u0105co-od\u017Cywcze",
    "unit": "30 ml",
    "brand": "BIELENDA",
    "oldPrice": 25.99,
    "price": 18.49,
    "loyaltyPrice": null,
    "pricePerUnit": "100 ml = 61,63 z\u0142",
    "loyaltyPricePerUnit": null,
    "danNumber": null,
    "aGroupNrOld": null,
    "vat": 23,
    "height": 0,
    "width": 0,
    "depth": 0,
    "weight": 0,
    "category": "Twarz-Piel\u0119gnacja twarzy-Serum"
  },
  {
    "id": 342710,
    "navigateUrl": "/Produkt/Zele-i-pianki-do-twarzy/FaceBoom-pianka-do-mycia-twarzy-oczyszczajaca-150-ml,342710,8690",
    "name": null,
    "caption": "pianka do mycia twarzy oczyszczaj\u0105ca",
    "unit": "150 ml",
    "brand": "FACEBOOM",
    "oldPrice": 19.99,
    "price": 13.99,
    "loyaltyPrice": null,
    "pricePerUnit": "100 ml = 9,33 z\u0142",
    "loyaltyPricePerUnit": null,
    "danNumber": null,
    "aGroupNrOld": null,
    "vat": 23,
    "height": 0,
    "width": 0,
    "depth": 0,
    "weight": 0,
    "category": "Twarz-Oczyszczanie i demakija\u017C-\u017Bele i pianki do twarzy"
  },
  {
    "id": 372622,
    "navigateUrl": "/Produkt/Kremy-do-twarzy/Bielenda-ECO-Sorbet-nawilzajacy-krem-odzywczy-na-dzien-i-na-noc-50-ml,372622,9223",
    "name": "ECO Sorbet",
    "caption": "nawil\u017Caj\u0105cy krem od\u017Cywczy na dzie\u0144 i na noc",
    "unit": "50 ml",
    "brand": "BIELENDA",
    "oldPrice": 24.99,
    "price": 19.99,
    "loyaltyPrice": null,
    "pricePerUnit": "100 ml = 39,98 z\u0142",
    "loyaltyPricePerUnit": null,
    "danNumber": null,
    "aGroupNrOld": null,
    "vat": 23,
    "height": 0,
    "width": 0,
    "depth": 0,
    "weight": 0,
    "category": "Twarz-Piel\u0119gnacja twarzy-Kremy do twarzy"
  },
  {
    "id": 366280,
    "navigateUrl": "/Produkt/Zele-i-pianki-do-twarzy/FaceBoom-pianka-do-mycia-twarzy-150-ml,366280,8690",
    "name": null,
    "caption": "pianka do mycia twarzy",
    "unit": "150 ml",
    "brand": "FACEBOOM",
    "oldPrice": 19.99,
    "price": 13.99,
    "loyaltyPrice": null,
    "pricePerUnit": "100 ml = 9,33 z\u0142",
    "loyaltyPricePerUnit": null,
    "danNumber": null,
    "aGroupNrOld": null,
    "vat": 23,
    "height": 0,
    "width": 0,
    "depth": 0,
    "weight": 0,
    "category": "Twarz-Oczyszczanie i demakija\u017C-\u017Bele i pianki do twarzy"
  },
  {
    "id": 372625,
    "navigateUrl": "/Produkt/Serum/Bielenda-ECO-Sorbet-serum-booster-nawilzajaco-rozswietlajace-30-ml,372625,9225",
    "name": "ECO Sorbet",
    "caption": "serum booster nawil\u017Caj\u0105co-roz\u015Bwietlaj\u0105ce",
    "unit": "30 ml",
    "brand": "BIELENDA",
    "oldPrice": 25.99,
    "price": 18.49,
    "loyaltyPrice": null,
    "pricePerUnit": "100 ml = 61,63 z\u0142",
    "loyaltyPricePerUnit": null,
    "danNumber": null,
    "aGroupNrOld": null,
    "vat": 23,
    "height": 0,
    "width": 0,
    "depth": 0,
    "weight": 0,
    "category": "Twarz-Piel\u0119gnacja twarzy-Serum"
  },
  {
    "id": 372626,
    "navigateUrl": "/Produkt/Kremy-do-twarzy/Bielenda-ECO-Sorbet-nawilzajacy-krem-rozswietlajacy-na-dzien-i-na-noc-50-ml,372626,9223",
    "name": "ECO Sorbet",
    "caption": "nawil\u017Caj\u0105cy krem roz\u015Bwietlaj\u0105cy na dzie\u0144 i na noc",
    "unit": "50 ml",
    "brand": "BIELENDA",
    "oldPrice": 24.99,
    "price": 19.99,
    "loyaltyPrice": null,
    "pricePerUnit": "100 ml = 39,98 z\u0142",
    "loyaltyPricePerUnit": null,
    "danNumber": null,
    "aGroupNrOld": null,
    "vat": 23,
    "height": 0,
    "width": 0,
    "depth": 0,
    "weight": 0,
    "category": "Twarz-Piel\u0119gnacja twarzy-Kremy do twarzy"
  },
  {
    "id": 366551,
    "navigateUrl": "/Produkt/Zele-i-pianki-do-twarzy/Alterra-pianka-do-twarzy-150-ml,366551,8690",
    "name": null,
    "caption": "pianka do twarzy",
    "unit": "150 ml",
    "brand": "ALTERRA",
    "oldPrice": 17.49,
    "price": 12.29,
    "loyaltyPrice": null,
    "pricePerUnit": "100 ml = 8,19 z\u0142",
    "loyaltyPricePerUnit": null,
    "danNumber": null,
    "aGroupNrOld": null,
    "vat": 23,
    "height": 0,
    "width": 0,
    "depth": 0,
    "weight": 0,
    "category": "Twarz-Oczyszczanie i demakija\u017C-\u017Bele i pianki do twarzy"
  },
  {
    "id": 366547,
    "navigateUrl": "/Produkt/Zele-i-pianki-do-twarzy/Isana-lagodna-pianka-do-twarzy-150-ml,366547,8690",
    "name": null,
    "caption": "\u0142agodna pianka do twarzy",
    "unit": "150 ml",
    "brand": "ISANA",
    "oldPrice": 10.79,
    "price": 7.49,
    "loyaltyPrice": null,
    "pricePerUnit": "100 ml = 4,99 z\u0142",
    "loyaltyPricePerUnit": null,
    "danNumber": null,
    "aGroupNrOld": null,
    "vat": 23,
    "height": 0,
    "width": 0,
    "depth": 0,
    "weight": 0,
    "category": "Twarz-Oczyszczanie i demakija\u017C-\u017Bele i pianki do twarzy"
  },
  {
    "id": 366261,
    "navigateUrl": "/Produkt/Zele-i-pianki-do-twarzy/Ziaja-pianka-oczyszczajaca-do-skory-wrazliwej-i-zaczerwienionej-150-ml,366261,8690",
    "name": null,
    "caption": "pianka oczyszczaj\u0105ca do sk\u00F3ry wra\u017Cliwej i zaczerwienionej",
    "unit": "150 ml",
    "brand": "ZIAJA",
    "oldPrice": 11.49,
    "price": 8.99,
    "loyaltyPrice": null,
    "pricePerUnit": "100 ml = 5,99 z\u0142",
    "loyaltyPricePerUnit": null,
    "danNumber": null,
    "aGroupNrOld": null,
    "vat": 23,
    "height": 0,
    "width": 0,
    "depth": 0,
    "weight": 0,
    "category": "Twarz-Oczyszczanie i demakija\u017C-\u017Bele i pianki do twarzy"
  },
  {
    "id": 366262,
    "navigateUrl": "/Produkt/Zele-i-pianki-do-twarzy/Ziaja-pianka-oczyszczajaca-do-skory-suchej-i-podraznionej-150-ml,366262,8690",
    "name": null,
    "caption": "pianka oczyszczaj\u0105ca do sk\u00F3ry suchej i podra\u017Cnionej",
    "unit": "150 ml",
    "brand": "ZIAJA",
    "oldPrice": 11.49,
    "price": 8.99,
    "loyaltyPrice": null,
    "pricePerUnit": "100 ml = 5,99 z\u0142",
    "loyaltyPricePerUnit": null,
    "danNumber": null,
    "aGroupNrOld": null,
    "vat": 23,
    "height": 0,
    "width": 0,
    "depth": 0,
    "weight": 0,
    "category": "Twarz-Oczyszczanie i demakija\u017C-\u017Bele i pianki do twarzy"
  },
  {
    "id": 366260,
    "navigateUrl": "/Produkt/Zele-i-pianki-do-twarzy/Ziaja-pianka-oczyszczajaca-do-skory-normalnej-i-bezproblemowej-150-ml,366260,8690",
    "name": null,
    "caption": "pianka oczyszczaj\u0105ca do sk\u00F3ry normalnej i bezproblemowej",
    "unit": "150 ml",
    "brand": "ZIAJA",
    "oldPrice": 11.49,
    "price": 8.99,
    "loyaltyPrice": null,
    "pricePerUnit": "100 ml = 5,99 z\u0142",
    "loyaltyPricePerUnit": null,
    "danNumber": null,
    "aGroupNrOld": null,
    "vat": 23,
    "height": 0,
    "width": 0,
    "depth": 0,
    "weight": 0,
    "category": "Twarz-Oczyszczanie i demakija\u017C-\u017Bele i pianki do twarzy"
  },
  {
    "id": 284448,
    "navigateUrl": "/Produkt/Zele-i-pianki-do-twarzy/Neutrogena-Hydro-Boost-nawadniajacy-zel-do-mycia-twarzy-200-ml,284448,8690",
    "name": "Hydro Boost",
    "caption": "nawadniaj\u0105cy \u017Cel do mycia twarzy",
    "unit": "200 ml",
    "brand": "NEUTROGENA",
    "oldPrice": 21.99,
    "price": 14.99,
    "loyaltyPrice": null,
    "pricePerUnit": "100 ml = 7,50 z\u0142",
    "loyaltyPricePerUnit": null,
    "danNumber": null,
    "aGroupNrOld": null,
    "vat": 23,
    "height": 0,
    "width": 0,
    "depth": 0,
    "weight": 0,
    "category": "Twarz-Oczyszczanie i demakija\u017C-\u017Bele i pianki do twarzy"
  },
  {
    "id": 357687,
    "navigateUrl": "/Produkt/Zele-i-pianki-do-twarzy/beBio-Ewa-Chodakowska-naturalny-zel-do-mycia-twarzy-nawilzajacy-150-ml,357687,8690",
    "name": "Ewa Chodakowska",
    "caption": "naturalny \u017Cel do mycia twarzy nawil\u017Caj\u0105cy",
    "unit": "150 ml",
    "brand": "BEBIO",
    "oldPrice": 21.49,
    "price": 14.99,
    "loyaltyPrice": null,
    "pricePerUnit": "100 ml = 9,99 z\u0142",
    "loyaltyPricePerUnit": null,
    "danNumber": null,
    "aGroupNrOld": null,
    "vat": 23,
    "height": 0,
    "width": 0,
    "depth": 0,
    "weight": 0,
    "category": "Twarz-Oczyszczanie i demakija\u017C-\u017Bele i pianki do twarzy"
  },
  {
    "id": 321269,
    "navigateUrl": "/Produkt/Zele-i-pianki-do-twarzy/Biotaniqe-Aloe-Vera-aloesowy-zel-myjacy-250-ml,321269,8690",
    "name": "Aloe Vera",
    "caption": "aloesowy \u017Cel myj\u0105cy",
    "unit": "250 ml",
    "brand": "BIOTANIQE",
    "oldPrice": 18.99,
    "price": 12.49,
    "loyaltyPrice": null,
    "pricePerUnit": "100 ml = 5,00 z\u0142",
    "loyaltyPricePerUnit": null,
    "danNumber": null,
    "aGroupNrOld": null,
    "vat": 23,
    "height": 0,
    "width": 0,
    "depth": 0,
    "weight": 0,
    "category": "Twarz-Oczyszczanie i demakija\u017C-\u017Bele i pianki do twarzy"
  },
  {
    "id": 30770,
    "navigateUrl": "/Produkt/Zele-i-pianki-do-twarzy/Isana-zel-do-mycia-twarzy-150-ml,30770,8690",
    "name": null,
    "caption": "\u017Cel do mycia twarzy",
    "unit": "150 ml",
    "brand": "ISANA",
    "oldPrice": 9.79,
    "price": 6.79,
    "loyaltyPrice": null,
    "pricePerUnit": "100 ml = 4,53 z\u0142",
    "loyaltyPricePerUnit": null,
    "danNumber": null,
    "aGroupNrOld": null,
    "vat": 23,
    "height": 0,
    "width": 0,
    "depth": 0,
    "weight": 0,
    "category": "Twarz-Oczyszczanie i demakija\u017C-\u017Bele i pianki do twarzy"
  },
  {
    "id": 310941,
    "navigateUrl": "/Produkt/Serum/Bielenda-Manuka-Honey-Nutri-Elixir-odzywcze-serum-nawilzajace-na-dzien-i-na-noc-cera-sucha-i-wrazli,310941,9225",
    "name": "Manuka Honey Nutri Elixir",
    "caption": "od\u017Cywcze serum nawil\u017Caj\u0105ce, na dzie\u0144 i na noc cera sucha i wra\u017Cliwa",
    "unit": "30 ml",
    "brand": "BIELENDA",
    "oldPrice": 25.99,
    "price": 18.49,
    "loyaltyPrice": null,
    "pricePerUnit": "100 ml = 61,63 z\u0142",
    "loyaltyPricePerUnit": null,
    "danNumber": null,
    "aGroupNrOld": null,
    "vat": 23,
    "height": 0,
    "width": 0,
    "depth": 0,
    "weight": 0,
    "category": "Twarz-Piel\u0119gnacja twarzy-Serum"
  },
  {
    "id": 284462,
    "navigateUrl": "/Produkt/Peelingi-do-twarzy/Neutrogena-Hydro-Boost-wygladzajacy-peeling-do-twarzy-150-ml,284462,8695",
    "name": "Hydro Boost",
    "caption": "wyg\u0142adzaj\u0105cy peeling do twarzy",
    "unit": "150 ml",
    "brand": "NEUTROGENA",
    "oldPrice": 21.99,
    "price": 14.99,
    "loyaltyPrice": null,
    "pricePerUnit": "100 ml = 9,99 z\u0142",
    "loyaltyPricePerUnit": null,
    "danNumber": null,
    "aGroupNrOld": null,
    "vat": 23,
    "height": 0,
    "width": 0,
    "depth": 0,
    "weight": 0,
    "category": "Twarz-Oczyszczanie i demakija\u017C-Peelingi do twarzy"
  },
  {
    "id": 321241,
    "navigateUrl": "/Produkt/Serum/Biotaniqe-Aloe-Vera-aloesowe-serum-nawilzajace-20-ml,321241,9225",
    "name": "Aloe Vera",
    "caption": "aloesowe serum nawil\u017Caj\u0105ce",
    "unit": "20 ml",
    "brand": "BIOTANIQE",
    "oldPrice": 24.49,
    "price": 15.99,
    "loyaltyPrice": null,
    "pricePerUnit": "100 ml = 79,95 z\u0142",
    "loyaltyPricePerUnit": null,
    "danNumber": null,
    "aGroupNrOld": null,
    "vat": 23,
    "height": 0,
    "width": 0,
    "depth": 0,
    "weight": 0,
    "category": "Twarz-Piel\u0119gnacja twarzy-Serum"
  },
  {
    "id": 342753,
    "navigateUrl": "/Produkt/Peelingi-do-twarzy/FaceBoom-peeling-gruboziarnisty-50g,342753,8695",
    "name": null,
    "caption": "peeling gruboziarnisty",
    "unit": "50g",
    "brand": "FACEBOOM",
    "oldPrice": 19.99,
    "price": 13.99,
    "loyaltyPrice": null,
    "pricePerUnit": "100 g = 27,98 z\u0142",
    "loyaltyPricePerUnit": null,
    "danNumber": null,
    "aGroupNrOld": null,
    "vat": 23,
    "height": 0,
    "width": 0,
    "depth": 0,
    "weight": 0,
    "category": "Twarz-Oczyszczanie i demakija\u017C-Peelingi do twarzy"
  },
  {
    "id": 321238,
    "navigateUrl": "/Produkt/Kremy-do-twarzy/Biotaniqe-Aloe-Vera-zel-krem-gleboko-nawilzajacy-na-dzien-i-na-noc-50-ml,321238,9223",
    "name": "Aloe Vera",
    "caption": "\u017Cel-krem g\u0142\u0119boko nawil\u017Caj\u0105cy, na dzie\u0144 i na noc",
    "unit": "50 ml",
    "brand": "BIOTANIQE",
    "oldPrice": 20.99,
    "price": 13.99,
    "loyaltyPrice": null,
    "pricePerUnit": "100 ml = 27,98 z\u0142",
    "loyaltyPricePerUnit": null,
    "danNumber": null,
    "aGroupNrOld": null,
    "vat": 23,
    "height": 0,
    "width": 0,
    "depth": 0,
    "weight": 0,
    "category": "Twarz-Piel\u0119gnacja twarzy-Kremy do twarzy"
  },
  {
    "id": 321239,
    "navigateUrl": "/Produkt/Kremy-do-twarzy/Biotaniqe-Aloe-Vera-nawilzajacy-zel-krem-matujacy-na-dzien-i-na-noc-50-ml,321239,9223",
    "name": "Aloe Vera",
    "caption": "nawil\u017Caj\u0105cy \u017Cel-krem matuj\u0105cy na dzie\u0144 i na noc",
    "unit": "50 ml",
    "brand": "BIOTANIQE",
    "oldPrice": 20.99,
    "price": 13.99,
    "loyaltyPrice": null,
    "pricePerUnit": "100 ml = 27,98 z\u0142",
    "loyaltyPricePerUnit": null,
    "danNumber": null,
    "aGroupNrOld": null,
    "vat": 23,
    "height": 0,
    "width": 0,
    "depth": 0,
    "weight": 0,
    "category": "Twarz-Piel\u0119gnacja twarzy-Kremy do twarzy"
  },
  {
    "id": 367463,
    "navigateUrl": "/Produkt/Peelingi-do-twarzy/Onlybio-Ritualia-Joy-peeling-do-twarzy-pestkowy-50-ml,367463,8695",
    "name": "Ritualia Joy",
    "caption": "peeling do twarzy pestkowy",
    "unit": "50 ml",
    "brand": "ONLYBIO",
    "oldPrice": 36.99,
    "price": 24.99,
    "loyaltyPrice": null,
    "pricePerUnit": "1 ml = 0,50 z\u0142",
    "loyaltyPricePerUnit": null,
    "danNumber": null,
    "aGroupNrOld": null,
    "vat": 23,
    "height": 0,
    "width": 0,
    "depth": 0,
    "weight": 0,
    "category": "Twarz-Oczyszczanie i demakija\u017C-Peelingi do twarzy"
  },
  {
    "id": 271179,
    "navigateUrl": "/Produkt/Peelingi-do-twarzy/LOreal-Paris-Rare-flowers-peeling-oczyszczajacy-do-skory-normalnej-i-mieszanej-150-ml,271179,8695",
    "name": "Rare flowers",
    "caption": "peeling oczyszczaj\u0105cy do sk\u00F3ry normalnej i mieszanej",
    "unit": "150 ml",
    "brand": "L\u0027OR\u00C9AL PARIS",
    "oldPrice": 16.99,
    "price": 13.99,
    "loyaltyPrice": null,
    "pricePerUnit": "100 ml = 9,33 z\u0142",
    "loyaltyPricePerUnit": null,
    "danNumber": null,
    "aGroupNrOld": null,
    "vat": 23,
    "height": 0,
    "width": 0,
    "depth": 0,
    "weight": 0,
    "category": "Twarz-Oczyszczanie i demakija\u017C-Peelingi do twarzy"
  },
  {
    "id": 366278,
    "navigateUrl": "/Produkt/Peelingi-do-twarzy/FaceBoom-peeling-do-twarzy-8-g,366278,8695",
    "name": null,
    "caption": "peeling do twarzy",
    "unit": "8 g",
    "brand": "FACEBOOM",
    "oldPrice": 5.99,
    "price": 4.99,
    "loyaltyPrice": null,
    "pricePerUnit": "100 g = 62,38 z\u0142",
    "loyaltyPricePerUnit": null,
    "danNumber": null,
    "aGroupNrOld": null,
    "vat": 23,
    "height": 0,
    "width": 0,
    "depth": 0,
    "weight": 0,
    "category": "Twarz-Oczyszczanie i demakija\u017C-Peelingi do twarzy"
  },
  {
    "id": 367465,
    "navigateUrl": "/Produkt/Toniki-do-twarzy/Onlybio-Ritualia-Joy-tonik-do-twarzy-balansujacy-150-ml,367465,8692",
    "name": "Ritualia Joy",
    "caption": "tonik do twarzy balansuj\u0105cy",
    "unit": "150 ml",
    "brand": "ONLYBIO",
    "oldPrice": 31.99,
    "price": 19.99,
    "loyaltyPrice": null,
    "pricePerUnit": "1 ml = 0,13 z\u0142",
    "loyaltyPricePerUnit": null,
    "danNumber": null,
    "aGroupNrOld": null,
    "vat": 23,
    "height": 0,
    "width": 0,
    "depth": 0,
    "weight": 0,
    "category": "Twarz-Oczyszczanie i demakija\u017C-Toniki do twarzy"
  },
  {
    "id": 262266,
    "navigateUrl": "/Produkt/Toniki-do-twarzy/LOreal-Paris-Skin-Expert-lagodzacy-tonik-z-ekstraktami-z-rozy-200-ml,262266,8692",
    "name": "Skin Expert",
    "caption": "\u0142agodz\u0105cy tonik z ekstraktami z r\u00F3\u017Cy",
    "unit": "200 ml",
    "brand": "L\u0027OR\u00C9AL PARIS",
    "oldPrice": 16.99,
    "price": 13.99,
    "loyaltyPrice": null,
    "pricePerUnit": "100 ml = 7,00 z\u0142",
    "loyaltyPricePerUnit": null,
    "danNumber": null,
    "aGroupNrOld": null,
    "vat": 23,
    "height": 0,
    "width": 0,
    "depth": 0,
    "weight": 0,
    "category": "Twarz-Oczyszczanie i demakija\u017C-Toniki do twarzy"
  },
  {
    "id": 357684,
    "navigateUrl": "/Produkt/Toniki-do-twarzy/beBio-Ewa-Chodakowska-naturalny-tonik-nawilzajaco-odzywczy-200-ml,357684,8692",
    "name": "Ewa Chodakowska",
    "caption": "naturalny tonik nawil\u017Caj\u0105co-od\u017Cywczy",
    "unit": "200 ml",
    "brand": "BEBIO",
    "oldPrice": 21.49,
    "price": 14.99,
    "loyaltyPrice": null,
    "pricePerUnit": "100 ml = 7,50 z\u0142",
    "loyaltyPricePerUnit": null,
    "danNumber": null,
    "aGroupNrOld": null,
    "vat": 23,
    "height": 0,
    "width": 0,
    "depth": 0,
    "weight": 0,
    "category": "Twarz-Oczyszczanie i demakija\u017C-Toniki do twarzy"
  },
  {
    "id": 267591,
    "navigateUrl": "/Produkt/Kremy-do-twarzy/AA-Hydro-Sorbet-matujacy-krem-nawilzajacy-na-dzien-i-na-noc-cera-mieszana-i-tlusta-50-ml,267591,9223",
    "name": "Hydro Sorbet",
    "caption": "matuj\u0105cy krem nawil\u017Caj\u0105cy na dzie\u0144 i na noc cera mieszana i t\u0142usta",
    "unit": "50 ml",
    "brand": "AA",
    "oldPrice": 19.99,
    "price": 14.99,
    "loyaltyPrice": null,
    "pricePerUnit": "100 ml = 29,98 z\u0142",
    "loyaltyPricePerUnit": null,
    "danNumber": null,
    "aGroupNrOld": null,
    "vat": 23,
    "height": 0,
    "width": 0,
    "depth": 0,
    "weight": 0,
    "category": "Twarz-Piel\u0119gnacja twarzy-Kremy do twarzy"
  },
  {
    "id": 267589,
    "navigateUrl": "/Produkt/Kremy-do-twarzy/AA-Hydro-Sorbet-regenerujacy-krem-nawilzajacy-na-dzien-i-na-noc-cera-sucha-bardzo-sucha-50-ml,267589,9223",
    "name": "Hydro Sorbet",
    "caption": "regeneruj\u0105cy krem nawil\u017Caj\u0105cy na dzie\u0144 i na noc cera sucha, bardzo sucha",
    "unit": "50 ml",
    "brand": "AA",
    "oldPrice": 19.99,
    "price": 14.99,
    "loyaltyPrice": null,
    "pricePerUnit": "100 ml = 29,98 z\u0142",
    "loyaltyPricePerUnit": null,
    "danNumber": null,
    "aGroupNrOld": null,
    "vat": 23,
    "height": 0,
    "width": 0,
    "depth": 0,
    "weight": 0,
    "category": "Twarz-Piel\u0119gnacja twarzy-Kremy do twarzy"
  },
  {
    "id": 366264,
    "navigateUrl": "/Produkt/Serum/Ziaja-Baltic-Home-SPA-serum-przeciwzmarszczkowe-do-twarzy-szyi-i-dekoltu-90-ml,366264,9225",
    "name": "Baltic Home SPA",
    "caption": "serum przeciwzmarszczkowe do twarzy, szyi i dekoltu",
    "unit": "90 ml",
    "brand": "ZIAJA",
    "oldPrice": 15.99,
    "price": 10.99,
    "loyaltyPrice": null,
    "pricePerUnit": "100 ml = 12,21 z\u0142",
    "loyaltyPricePerUnit": null,
    "danNumber": null,
    "aGroupNrOld": null,
    "vat": 23,
    "height": 0,
    "width": 0,
    "depth": 0,
    "weight": 0,
    "category": "Twarz-Piel\u0119gnacja twarzy-Serum"
  },
  {
    "id": 366263,
    "navigateUrl": "/Produkt/Kremy-do-twarzy/Ziaja-Baltic-Home-SPA-nawilzajacy-krem-liftingujacy-50-ml,366263,9223",
    "name": "Baltic Home SPA",
    "caption": "nawil\u017Caj\u0105cy krem liftinguj\u0105cy",
    "unit": "50 ml",
    "brand": "ZIAJA",
    "oldPrice": 11.99,
    "price": 7.99,
    "loyaltyPrice": null,
    "pricePerUnit": "100 ml = 15,98 z\u0142",
    "loyaltyPricePerUnit": null,
    "danNumber": null,
    "aGroupNrOld": null,
    "vat": 23,
    "height": 0,
    "width": 0,
    "depth": 0,
    "weight": 0,
    "category": "Twarz-Piel\u0119gnacja twarzy-Kremy do twarzy"
  },
  {
    "id": 366268,
    "navigateUrl": "/Produkt/Kremy-do-twarzy/Ziaja-Baltic-Home-SPA-nawilzajacy-lekki-krem-dotleniajacy-50-ml,366268,9223",
    "name": "Baltic Home SPA",
    "caption": "nawil\u017Caj\u0105cy lekki krem dotleniaj\u0105cy",
    "unit": "50 ml",
    "brand": "ZIAJA",
    "oldPrice": 11.99,
    "price": 7.99,
    "loyaltyPrice": null,
    "pricePerUnit": "100 ml = 15,98 z\u0142",
    "loyaltyPricePerUnit": null,
    "danNumber": null,
    "aGroupNrOld": null,
    "vat": 23,
    "height": 0,
    "width": 0,
    "depth": 0,
    "weight": 0,
    "category": "Twarz-Piel\u0119gnacja twarzy-Kremy do twarzy"
  },
  {
    "id": 357683,
    "navigateUrl": "/Produkt/Plyny-micelarne/beBio-Ewa-Chodakowska-naturalny-plyn-micelarny-nawilzajaco-odzywczy-200-ml,357683,8770",
    "name": "Ewa Chodakowska",
    "caption": "naturalny p\u0142yn micelarny nawil\u017Caj\u0105co-od\u017Cywczy",
    "unit": "200 ml",
    "brand": "BEBIO",
    "oldPrice": 21.49,
    "price": 14.99,
    "loyaltyPrice": null,
    "pricePerUnit": "100 ml = 7,50 z\u0142",
    "loyaltyPricePerUnit": null,
    "danNumber": null,
    "aGroupNrOld": null,
    "vat": 23,
    "height": 0,
    "width": 0,
    "depth": 0,
    "weight": 0,
    "category": "Twarz-Oczyszczanie i demakija\u017C-P\u0142yny micelarne"
  },
  {
    "id": 370576,
    "navigateUrl": "/Produkt/Plyny-micelarne/Ziaja-uniwersalny-plyn-micelarny-390-ml,370576,8770",
    "name": null,
    "caption": "uniwersalny p\u0142yn micelarny",
    "unit": "390 ml",
    "brand": "ZIAJA",
    "oldPrice": 14.49,
    "price": 10.99,
    "loyaltyPrice": null,
    "pricePerUnit": "1 ml = 0,03 z\u0142",
    "loyaltyPricePerUnit": null,
    "danNumber": null,
    "aGroupNrOld": null,
    "vat": 23,
    "height": 0,
    "width": 0,
    "depth": 0,
    "weight": 0,
    "category": "Twarz-Oczyszczanie i demakija\u017C-P\u0142yny micelarne"
  },
  {
    "id": 370577,
    "navigateUrl": "/Produkt/Plyny-micelarne/Ziaja-lagodzacy-plyn-micelarny-390-ml,370577,8770",
    "name": null,
    "caption": "\u0142agodz\u0105cy p\u0142yn micelarny",
    "unit": "390 ml",
    "brand": "ZIAJA",
    "oldPrice": 14.49,
    "price": 10.99,
    "loyaltyPrice": null,
    "pricePerUnit": "1 ml = 0,03 z\u0142",
    "loyaltyPricePerUnit": null,
    "danNumber": null,
    "aGroupNrOld": null,
    "vat": 23,
    "height": 0,
    "width": 0,
    "depth": 0,
    "weight": 0,
    "category": "Twarz-Oczyszczanie i demakija\u017C-P\u0142yny micelarne"
  },
  {
    "id": 370578,
    "navigateUrl": "/Produkt/Plyny-micelarne/Ziaja-nawilzajacy-plyn-micelarny-390-ml,370578,8770",
    "name": null,
    "caption": "nawil\u017Caj\u0105cy p\u0142yn micelarny",
    "unit": "390 ml",
    "brand": "ZIAJA",
    "oldPrice": 14.49,
    "price": 10.99,
    "loyaltyPrice": null,
    "pricePerUnit": "1 ml = 0,03 z\u0142",
    "loyaltyPricePerUnit": null,
    "danNumber": null,
    "aGroupNrOld": null,
    "vat": 23,
    "height": 0,
    "width": 0,
    "depth": 0,
    "weight": 0,
    "category": "Twarz-Oczyszczanie i demakija\u017C-P\u0142yny micelarne"
  },
  {
    "id": 331537,
    "navigateUrl": "/Produkt/Mleczka/Lirene-Cera-Naczynkowa-mleczko-do-demakijazu-z-zurawina-200-ml,331537,8689",
    "name": "Cera Naczynkowa",
    "caption": "mleczko do demakija\u017Cu z \u017Curawin\u0105",
    "unit": "200 ml",
    "brand": "LIRENE",
    "oldPrice": 16.49,
    "price": 11.99,
    "loyaltyPrice": null,
    "pricePerUnit": "100 ml = 6,00 z\u0142",
    "loyaltyPricePerUnit": null,
    "danNumber": null,
    "aGroupNrOld": null,
    "vat": 23,
    "height": 0,
    "width": 0,
    "depth": 0,
    "weight": 0,
    "category": "Twarz-Oczyszczanie i demakija\u017C-Mleczka"
  },
  {
    "id": 367464,
    "navigateUrl": "/Produkt/Olejki-myjace/Onlybio-Ritualia-Joy-olejek-do-demakijazu-twarzy-i-masazu-ciala-odzywczy-150-ml,367464,8693",
    "name": "Ritualia Joy",
    "caption": "olejek do demakija\u017Cu twarzy i masa\u017Cu cia\u0142a od\u017Cywczy",
    "unit": "150 ml",
    "brand": "ONLYBIO",
    "oldPrice": 41.99,
    "price": 27.99,
    "loyaltyPrice": null,
    "pricePerUnit": "1 ml = 0,19 z\u0142",
    "loyaltyPricePerUnit": null,
    "danNumber": null,
    "aGroupNrOld": null,
    "vat": 23,
    "height": 0,
    "width": 0,
    "depth": 0,
    "weight": 0,
    "category": "Twarz-Oczyszczanie i demakija\u017C-Olejki myj\u0105ce"
  },
  {
    "id": 372607,
    "navigateUrl": "/Produkt/Toniki-do-twarzy/Bielenda-ECO-Sorbet-tonik-w-mgielce-nawilzajaco-kojacy-200-ml,372607,8692",
    "name": "ECO Sorbet",
    "caption": "tonik w mgie\u0142ce nawil\u017Caj\u0105co-koj\u0105cy",
    "unit": "200 ml",
    "brand": "BIELENDA",
    "oldPrice": 17.99,
    "price": 12.49,
    "loyaltyPrice": null,
    "pricePerUnit": "100 ml = 6,25 z\u0142",
    "loyaltyPricePerUnit": null,
    "danNumber": null,
    "aGroupNrOld": null,
    "vat": 23,
    "height": 0,
    "width": 0,
    "depth": 0,
    "weight": 0,
    "category": "Twarz-Oczyszczanie i demakija\u017C-Toniki do twarzy"
  },
  {
    "id": 331538,
    "navigateUrl": "/Produkt/Toniki-do-twarzy/Lirene-tonik-nawilzajacy-z-ogorkiem-do-kazdego-typu-cery-200-ml,331538,8692",
    "name": null,
    "caption": "tonik nawil\u017Caj\u0105cy z og\u00F3rkiem do ka\u017Cdego typu cery",
    "unit": "200 ml",
    "brand": "LIRENE",
    "oldPrice": 16.49,
    "price": 11.99,
    "loyaltyPrice": null,
    "pricePerUnit": "100 ml = 6,00 z\u0142",
    "loyaltyPricePerUnit": null,
    "danNumber": null,
    "aGroupNrOld": null,
    "vat": 23,
    "height": 0,
    "width": 0,
    "depth": 0,
    "weight": 0,
    "category": "Twarz-Oczyszczanie i demakija\u017C-Toniki do twarzy"
  },
  {
    "id": 325851,
    "navigateUrl": "/Produkt/Toniki-do-twarzy/Lirene-aloesowy-tonik-w-mgielce-z-kwasem-hialuronowym-do-kazdego-typu-cery-200-ml,325851,8692",
    "name": null,
    "caption": "aloesowy tonik w mgie\u0142ce z kwasem hialuronowym do ka\u017Cdego typu cery",
    "unit": "200 ml",
    "brand": "LIRENE",
    "oldPrice": 16.49,
    "price": 11.99,
    "loyaltyPrice": null,
    "pricePerUnit": "100 ml = 6,00 z\u0142",
    "loyaltyPricePerUnit": null,
    "danNumber": null,
    "aGroupNrOld": null,
    "vat": 23,
    "height": 0,
    "width": 0,
    "depth": 0,
    "weight": 0,
    "category": "Twarz-Oczyszczanie i demakija\u017C-Toniki do twarzy"
  },
  {
    "id": 258872,
    "navigateUrl": "/Produkt/Toniki-do-twarzy/Ziaja-Antyoksydacja-Jagody-Acai-tonik-z-kwasem-hialuronowym-200-ml,258872,8692",
    "name": "Antyoksydacja Jagody Acai",
    "caption": "tonik z kwasem hialuronowym",
    "unit": "200 ml",
    "brand": "ZIAJA",
    "oldPrice": 10.49,
    "price": 7.29,
    "loyaltyPrice": null,
    "pricePerUnit": "100 ml = 7,29 z\u0142",
    "loyaltyPricePerUnit": null,
    "danNumber": null,
    "aGroupNrOld": null,
    "vat": 23,
    "height": 0,
    "width": 0,
    "depth": 0,
    "weight": 0,
    "category": "Twarz-Oczyszczanie i demakija\u017C-Toniki do twarzy"
  },
  {
    "id": 15589,
    "navigateUrl": "/Produkt/Toniki-do-twarzy/Ziaja-tonik-ogorek-cera-normalna-tlusta-mieszana-200-ml,15589,8692",
    "name": null,
    "caption": "tonik og\u00F3rek cera normalna, t\u0142usta, mieszana",
    "unit": "200 ml",
    "brand": "ZIAJA",
    "oldPrice": 7.79,
    "price": 5.99,
    "loyaltyPrice": null,
    "pricePerUnit": "100 ml = 3,00 z\u0142",
    "loyaltyPricePerUnit": null,
    "danNumber": null,
    "aGroupNrOld": null,
    "vat": 23,
    "height": 0,
    "width": 0,
    "depth": 0,
    "weight": 0,
    "category": "Twarz-Oczyszczanie i demakija\u017C-Toniki do twarzy"
  },
  {
    "id": 349468,
    "navigateUrl": "/Produkt/Serum/Frudia-nawadniajace-serum-na-bazie-jagod-50-g,349468,9225",
    "name": null,
    "caption": "nawadniaj\u0105ce serum na bazie jag\u00F3d",
    "unit": "50 g",
    "brand": "FRUDIA",
    "oldPrice": 119.99,
    "price": 89.99,
    "loyaltyPrice": null,
    "pricePerUnit": "100 g = 179,98 z\u0142",
    "loyaltyPricePerUnit": null,
    "danNumber": null,
    "aGroupNrOld": null,
    "vat": 23,
    "height": 0,
    "width": 0,
    "depth": 0,
    "weight": 0,
    "category": "Twarz-Piel\u0119gnacja twarzy-Serum"
  },
  {
    "id": 349460,
    "navigateUrl": "/Produkt/Kremy-do-twarzy/Frudia-intensywnie-nawilzajacy-krem-na-bazie-ekstraktu-z-jagod-55-g,349460,9223",
    "name": null,
    "caption": "intensywnie nawil\u017Caj\u0105cy krem na bazie ekstraktu z jag\u00F3d",
    "unit": "55 g",
    "brand": "FRUDIA",
    "oldPrice": 99.99,
    "price": 74.99,
    "loyaltyPrice": null,
    "pricePerUnit": "100 g = 136,35 z\u0142",
    "loyaltyPricePerUnit": null,
    "danNumber": null,
    "aGroupNrOld": null,
    "vat": 23,
    "height": 0,
    "width": 0,
    "depth": 0,
    "weight": 0,
    "category": "Twarz-Piel\u0119gnacja twarzy-Kremy do twarzy"
  }
]