[
  {
    "id": 381476,
    "navigateUrl": "/Produkt/Kremy-pod-oczy/Dermika-Luxury-Ceramides-serum-liftingujace-pod-oczy-15-ml,381476,9224",
    "name": "Luxury Ceramides",
    "caption": "serum liftinguj\u0105ce pod oczy",
    "unit": "15 ml",
    "brand": "DERMIKA",
    "oldPrice": 52.99,
    "price": 39.99,
    "loyaltyPrice": null,
    "pricePerUnit": "100 ml = 266,60 z\u0142",
    "loyaltyPricePerUnit": null,
    "danNumber": null,
    "aGroupNrOld": null,
    "vat": 23,
    "height": 0,
    "width": 0,
    "depth": 0,
    "weight": 0,
    "category": "Twarz-Piel\u0119gnacja twarzy-Kremy pod oczy"
  },
  {
    "id": 378833,
    "navigateUrl": "/Produkt/Kremy-do-twarzy/Dermika-Luxury-Ceramides-przeciwzmarszczkowy-krem-regenerujacy-na-dzien-i-na-noc-50-50-ml,378833,9223",
    "name": "Luxury Ceramides",
    "caption": "przeciwzmarszczkowy krem regeneruj\u0105cy na dzie\u0144 i na noc, 50\u002B",
    "unit": "50 ml",
    "brand": "DERMIKA",
    "oldPrice": 73.99,
    "price": 54.99,
    "loyaltyPrice": null,
    "pricePerUnit": "100 ml = 109,98 z\u0142",
    "loyaltyPricePerUnit": null,
    "danNumber": null,
    "aGroupNrOld": null,
    "vat": 23,
    "height": 0,
    "width": 0,
    "depth": 0,
    "weight": 0,
    "category": "Twarz-Piel\u0119gnacja twarzy-Kremy do twarzy"
  },
  {
    "id": 378834,
    "navigateUrl": "/Produkt/Kremy-do-twarzy/Dermika-Luxury-Ceramides-przeciwzmarszczkowy-krem-rewitalizujacy-na-dzien-i-na-noc-60-50-ml,378834,9223",
    "name": "Luxury Ceramides",
    "caption": "przeciwzmarszczkowy krem rewitalizuj\u0105cy na dzie\u0144 i na noc, 60\u002B",
    "unit": "50 ml",
    "brand": "DERMIKA",
    "oldPrice": 73.99,
    "price": 54.99,
    "loyaltyPrice": null,
    "pricePerUnit": "100 ml = 109,98 z\u0142",
    "loyaltyPricePerUnit": null,
    "danNumber": null,
    "aGroupNrOld": null,
    "vat": 23,
    "height": 0,
    "width": 0,
    "depth": 0,
    "weight": 0,
    "category": "Twarz-Piel\u0119gnacja twarzy-Kremy do twarzy"
  },
  {
    "id": 378838,
    "navigateUrl": "/Produkt/Kremy-do-twarzy/Dermika-Luxury-Ceramides-przeciwzmarszczkowy-krem-ujedrniajacy-na-dzien-i-na-noc-70-50-ml,378838,9223",
    "name": "Luxury Ceramides",
    "caption": "przeciwzmarszczkowy krem uj\u0119drniaj\u0105cy na dzie\u0144 i na noc, 70\u002B",
    "unit": "50 ml",
    "brand": "DERMIKA",
    "oldPrice": 73.99,
    "price": 54.99,
    "loyaltyPrice": null,
    "pricePerUnit": "100 ml = 109,98 z\u0142",
    "loyaltyPricePerUnit": null,
    "danNumber": null,
    "aGroupNrOld": null,
    "vat": 23,
    "height": 0,
    "width": 0,
    "depth": 0,
    "weight": 0,
    "category": "Twarz-Piel\u0119gnacja twarzy-Kremy do twarzy"
  },
  {
    "id": 378844,
    "navigateUrl": "/Produkt/Kremy-do-twarzy/Dermika-Luxury-Ceramides-krem-redukujacy-efekty-starzenia-na-noc-50-ml,378844,9223",
    "name": "Luxury Ceramides",
    "caption": "krem redukuj\u0105cy efekty starzenia na noc",
    "unit": "50 ml",
    "brand": "DERMIKA",
    "oldPrice": 73.99,
    "price": 54.99,
    "loyaltyPrice": null,
    "pricePerUnit": "100 ml = 109,98 z\u0142",
    "loyaltyPricePerUnit": null,
    "danNumber": null,
    "aGroupNrOld": null,
    "vat": 23,
    "height": 0,
    "width": 0,
    "depth": 0,
    "weight": 0,
    "category": "Twarz-Piel\u0119gnacja twarzy-Kremy do twarzy"
  },
  {
    "id": 317886,
    "navigateUrl": "/Produkt/Kremy-do-twarzy/Christian-Laurent-Edition-de-Luxe-diamentowy-krem-ujedrniajaco-odmladzajacy-na-dzien-i-na-noc-50-ml,317886,9223",
    "name": "Edition de Luxe",
    "caption": "diamentowy krem uj\u0119drniaj\u0105co-odm\u0142adzaj\u0105cy na dzie\u0144 i na noc",
    "unit": "50 ml",
    "brand": "CHRISTIAN LAURENT",
    "oldPrice": 65.99,
    "price": 49.99,
    "loyaltyPrice": null,
    "pricePerUnit": "100 ml = 99,98 z\u0142",
    "loyaltyPricePerUnit": null,
    "danNumber": null,
    "aGroupNrOld": null,
    "vat": 23,
    "height": 0,
    "width": 0,
    "depth": 0,
    "weight": 0,
    "category": "Twarz-Piel\u0119gnacja twarzy-Kremy do twarzy"
  },
  {
    "id": 317887,
    "navigateUrl": "/Produkt/Serum/Christian-Laurent-Edition-de-Luxe-diamentowe-serum-napinajace-do-twarzy-30-ml,317887,9225",
    "name": "Edition de Luxe",
    "caption": "diamentowe serum napinaj\u0105ce do twarzy",
    "unit": "30 ml",
    "brand": "CHRISTIAN LAURENT",
    "oldPrice": 65.99,
    "price": 49.99,
    "loyaltyPrice": null,
    "pricePerUnit": "100 ml = 166,63 z\u0142",
    "loyaltyPricePerUnit": null,
    "danNumber": null,
    "aGroupNrOld": null,
    "vat": 23,
    "height": 0,
    "width": 0,
    "depth": 0,
    "weight": 0,
    "category": "Twarz-Piel\u0119gnacja twarzy-Serum"
  },
  {
    "id": 275097,
    "navigateUrl": "/Produkt/Kremy-do-twarzy/Christian-Laurent-Pour-La-Beaute-infuzyjny-krem-przeciwzmarszczkowy-na-dzien-i-na-noc-55-50-ml,275097,9223",
    "name": "Pour La Beaute",
    "caption": "infuzyjny krem przeciwzmarszczkowy na dzie\u0144 i na noc, 55\u002B",
    "unit": "50 ml",
    "brand": "CHRISTIAN LAURENT",
    "oldPrice": 42.99,
    "price": 31.99,
    "loyaltyPrice": null,
    "pricePerUnit": "100 ml = 63,98 z\u0142",
    "loyaltyPricePerUnit": null,
    "danNumber": null,
    "aGroupNrOld": null,
    "vat": 23,
    "height": 0,
    "width": 0,
    "depth": 0,
    "weight": 0,
    "category": "Twarz-Piel\u0119gnacja twarzy-Kremy do twarzy"
  },
  {
    "id": 275099,
    "navigateUrl": "/Produkt/Kremy-do-twarzy/Christian-Laurent-Pour-La-Beaute-infuzyjny-krem-odmladzajacy-redukujacy-glebokie-zmarszczki-na-dzie,275099,9223",
    "name": "Pour La Beaute",
    "caption": "infuzyjny krem odm\u0142adzaj\u0105cy redukuj\u0105cy g\u0142\u0119bokie zmarszczki, na dzie\u0144 i na noc 65\u002B",
    "unit": "50 ml",
    "brand": "CHRISTIAN LAURENT",
    "oldPrice": 42.99,
    "price": 31.99,
    "loyaltyPrice": null,
    "pricePerUnit": "100 ml = 63,98 z\u0142",
    "loyaltyPricePerUnit": null,
    "danNumber": null,
    "aGroupNrOld": null,
    "vat": 23,
    "height": 0,
    "width": 0,
    "depth": 0,
    "weight": 0,
    "category": "Twarz-Piel\u0119gnacja twarzy-Kremy do twarzy"
  },
  {
    "id": 269056,
    "navigateUrl": "/Produkt/Kremy-pod-oczy/Biotaniqe-Terapia-Sluzem-Slimaka-liftingujacy-krem-pod-oczy-50-15-ml,269056,9224",
    "name": "Terapia \u015Aluzem \u015Alimaka",
    "caption": "liftinguj\u0105cy krem pod oczy 50\u002B",
    "unit": "15 ml",
    "brand": "BIOTANIQE",
    "oldPrice": 33.99,
    "price": 24.99,
    "loyaltyPrice": null,
    "pricePerUnit": "100 ml = 166,60 z\u0142",
    "loyaltyPricePerUnit": null,
    "danNumber": null,
    "aGroupNrOld": null,
    "vat": 23,
    "height": 0,
    "width": 0,
    "depth": 0,
    "weight": 0,
    "category": "Twarz-Piel\u0119gnacja twarzy-Kremy pod oczy"
  },
  {
    "id": 269051,
    "navigateUrl": "/Produkt/Kremy-do-twarzy/Biotaniqe-Terapia-Sluzem-Slimaka-intensywny-krem-liftingujacy-na-dzien-i-na-noc-cera-normalna-i-suc,269051,9223",
    "name": "Terapia \u015Aluzem \u015Alimaka",
    "caption": "intensywny krem liftinguj\u0105cy na dzie\u0144 i na noc cera normalna i sucha, 50\u002B",
    "unit": "50 ml",
    "brand": "BIOTANIQE",
    "oldPrice": 39.99,
    "price": 29.99,
    "loyaltyPrice": null,
    "pricePerUnit": "100 ml = 59,98 z\u0142",
    "loyaltyPricePerUnit": null,
    "danNumber": null,
    "aGroupNrOld": null,
    "vat": 23,
    "height": 0,
    "width": 0,
    "depth": 0,
    "weight": 0,
    "category": "Twarz-Piel\u0119gnacja twarzy-Kremy do twarzy"
  },
  {
    "id": 269053,
    "navigateUrl": "/Produkt/Kremy-do-twarzy/Biotaniqe-Terapia-Sluzem-Slimaka-skoncentrowany-krem-naprawczy-na-dzien-i-na-noc-cera-normalna-i-su,269053,9223",
    "name": "Terapia \u015Aluzem \u015Alimaka",
    "caption": "skoncentrowany krem naprawczy na dzie\u0144 i na noc, cera normalna i sucha, 60\u002B",
    "unit": "50 ml",
    "brand": "BIOTANIQE",
    "oldPrice": 39.99,
    "price": 29.99,
    "loyaltyPrice": null,
    "pricePerUnit": "100 ml = 59,98 z\u0142",
    "loyaltyPricePerUnit": null,
    "danNumber": null,
    "aGroupNrOld": null,
    "vat": 23,
    "height": 0,
    "width": 0,
    "depth": 0,
    "weight": 0,
    "category": "Twarz-Piel\u0119gnacja twarzy-Kremy do twarzy"
  },
  {
    "id": 269054,
    "navigateUrl": "/Produkt/Kremy-do-twarzy/Biotaniqe-Terapia-Sluzem-Slimaka-przeciwzmarszczkowy-krem-regenerujacy-na-dzien-i-na-noc-cera-norma,269054,9223",
    "name": "Terapia \u015Aluzem \u015Alimaka",
    "caption": "przeciwzmarszczkowy krem regeneruj\u0105cy, na dzie\u0144 i na noc, cera normalna i sucha, 70\u002B",
    "unit": "50 ml",
    "brand": "BIOTANIQE",
    "oldPrice": 39.99,
    "price": 29.99,
    "loyaltyPrice": null,
    "pricePerUnit": "100 ml = 59,98 z\u0142",
    "loyaltyPricePerUnit": null,
    "danNumber": null,
    "aGroupNrOld": null,
    "vat": 23,
    "height": 0,
    "width": 0,
    "depth": 0,
    "weight": 0,
    "category": "Twarz-Piel\u0119gnacja twarzy-Kremy do twarzy"
  },
  {
    "id": 369998,
    "navigateUrl": "/Produkt/Kremy-do-twarzy/Perfecta-B3-Forte-krem-przeciwzmarszczkowy-na-dzien-i-na-noc-50-50-ml,369998,9223",
    "name": "B3 Forte",
    "caption": "krem przeciwzmarszczkowy na dzie\u0144 i na noc, 50\u002B",
    "unit": "50 ml",
    "brand": "PERFECTA",
    "oldPrice": 29.99,
    "price": 19.99,
    "loyaltyPrice": null,
    "pricePerUnit": "1 ml = 0,40 z\u0142",
    "loyaltyPricePerUnit": null,
    "danNumber": null,
    "aGroupNrOld": null,
    "vat": 23,
    "height": 0,
    "width": 0,
    "depth": 0,
    "weight": 0,
    "category": "Twarz-Piel\u0119gnacja twarzy-Kremy do twarzy"
  },
  {
    "id": 369999,
    "navigateUrl": "/Produkt/Kremy-do-twarzy/Perfecta-B3-Forte-krem-przeciwzmarszczkowy-na-dzien-i-na-noc-60-50-ml,369999,9223",
    "name": "B3 Forte",
    "caption": "krem przeciwzmarszczkowy na dzie\u0144 i na noc, 60\u002B",
    "unit": "50 ml",
    "brand": "PERFECTA",
    "oldPrice": 29.99,
    "price": 19.99,
    "loyaltyPrice": null,
    "pricePerUnit": "1 ml = 0,40 z\u0142",
    "loyaltyPricePerUnit": null,
    "danNumber": null,
    "aGroupNrOld": null,
    "vat": 23,
    "height": 0,
    "width": 0,
    "depth": 0,
    "weight": 0,
    "category": "Twarz-Piel\u0119gnacja twarzy-Kremy do twarzy"
  },
  {
    "id": 370000,
    "navigateUrl": "/Produkt/Kremy-do-twarzy/Perfecta-B3-Forte-krem-przeciwzmarszczkowy-na-dzien-i-na-noc-70-50-ml,370000,9223",
    "name": "B3 Forte",
    "caption": "krem przeciwzmarszczkowy na dzie\u0144 i na noc, 70\u002B",
    "unit": "50 ml",
    "brand": "PERFECTA",
    "oldPrice": 29.99,
    "price": 19.99,
    "loyaltyPrice": null,
    "pricePerUnit": "1 ml = 0,40 z\u0142",
    "loyaltyPricePerUnit": null,
    "danNumber": null,
    "aGroupNrOld": null,
    "vat": 23,
    "height": 0,
    "width": 0,
    "depth": 0,
    "weight": 0,
    "category": "Twarz-Piel\u0119gnacja twarzy-Kremy do twarzy"
  },
  {
    "id": 342678,
    "navigateUrl": "/Produkt/Kremy-pod-oczy/LOreal-Paris-Ekspert-Wieku-przeciwzmarszczkowy-krem-pod-oczy-50-15-ml,342678,9224",
    "name": "Ekspert Wieku",
    "caption": "przeciwzmarszczkowy krem pod oczy, 50\u002B",
    "unit": "15 ml",
    "brand": "L\u0027OR\u00C9AL PARIS",
    "oldPrice": 29.99,
    "price": 17.99,
    "loyaltyPrice": null,
    "pricePerUnit": "100 ml = 35,98 z\u0142",
    "loyaltyPricePerUnit": null,
    "danNumber": null,
    "aGroupNrOld": null,
    "vat": 23,
    "height": 0,
    "width": 0,
    "depth": 0,
    "weight": 0,
    "category": "Twarz-Piel\u0119gnacja twarzy-Kremy pod oczy"
  },
  {
    "id": 223565,
    "navigateUrl": "/Produkt/Kremy-do-twarzy/LOreal-Paris-Ekspert-Wieku-50-przeciwzmarszczkowy-krem-ujedrniajacy-na-dzien-50-ml,223565,9223",
    "name": "Ekspert Wieku 50\u002B",
    "caption": "przeciwzmarszczkowy krem uj\u0119drniaj\u0105cy na dzie\u0144",
    "unit": "50 ml",
    "brand": "L\u0027OR\u00C9AL PARIS",
    "oldPrice": 29.99,
    "price": 17.99,
    "loyaltyPrice": null,
    "pricePerUnit": "100 ml = 35,98 z\u0142",
    "loyaltyPricePerUnit": null,
    "danNumber": null,
    "aGroupNrOld": null,
    "vat": 23,
    "height": 0,
    "width": 0,
    "depth": 0,
    "weight": 0,
    "category": "Twarz-Piel\u0119gnacja twarzy-Kremy do twarzy"
  },
  {
    "id": 223572,
    "navigateUrl": "/Produkt/Kremy-do-twarzy/LOreal-Paris-Ekspert-Wieku-50-przeciwzmarszczkowy-krem-ujedrniajacy-na-noc-50-ml,223572,9223",
    "name": "Ekspert Wieku 50\u002B",
    "caption": "przeciwzmarszczkowy krem uj\u0119drniaj\u0105cy na noc",
    "unit": "50 ml",
    "brand": "L\u0027OR\u00C9AL PARIS",
    "oldPrice": 29.99,
    "price": 17.99,
    "loyaltyPrice": null,
    "pricePerUnit": "100 ml = 35,98 z\u0142",
    "loyaltyPricePerUnit": null,
    "danNumber": null,
    "aGroupNrOld": null,
    "vat": 23,
    "height": 0,
    "width": 0,
    "depth": 0,
    "weight": 0,
    "category": "Twarz-Piel\u0119gnacja twarzy-Kremy do twarzy"
  },
  {
    "id": 239014,
    "navigateUrl": "/Produkt/Kremy-do-twarzy/LOreal-Paris-Ekspert-Wieku-60-kompleksowy-krem-modelujacy-na-dzien-i-na-noc-twarz-szyja-dekolt-50,239014,9223",
    "name": "Ekspert Wieku 60\u002B",
    "caption": "kompleksowy krem modeluj\u0105cy na dzie\u0144 i na noc twarz, szyja, dekolt",
    "unit": "50ml",
    "brand": "L\u0027OR\u00C9AL PARIS",
    "oldPrice": 34.99,
    "price": 26.99,
    "loyaltyPrice": null,
    "pricePerUnit": "100 ml = 53,98 z\u0142",
    "loyaltyPricePerUnit": null,
    "danNumber": null,
    "aGroupNrOld": null,
    "vat": 23,
    "height": 0,
    "width": 0,
    "depth": 0,
    "weight": 0,
    "category": "Twarz-Piel\u0119gnacja twarzy-Kremy do twarzy"
  },
  {
    "id": 342650,
    "navigateUrl": "/Produkt/Kremy-pod-oczy/LOreal-Paris-Ekspert-Wieku-przeciwzmarszczkowy-krem-odbudowujacy-pod-oczy-60-15-ml,342650,9224",
    "name": "Ekspert Wieku",
    "caption": "przeciwzmarszczkowy krem odbudowuj\u0105cy pod oczy, 60\u002B",
    "unit": "15 ml",
    "brand": "L\u0027OR\u00C9AL PARIS",
    "oldPrice": 29.99,
    "price": 17.99,
    "loyaltyPrice": null,
    "pricePerUnit": "100 ml = 35,98 z\u0142",
    "loyaltyPricePerUnit": null,
    "danNumber": null,
    "aGroupNrOld": null,
    "vat": 23,
    "height": 0,
    "width": 0,
    "depth": 0,
    "weight": 0,
    "category": "Twarz-Piel\u0119gnacja twarzy-Kremy pod oczy"
  },
  {
    "id": 223574,
    "navigateUrl": "/Produkt/Kremy-do-twarzy/LOreal-Paris-Ekspert-Wieku-60-przeciwzmarszczkowy-krem-odbudowujacy-na-dzien-50-ml,223574,9223",
    "name": "Ekspert Wieku 60\u002B",
    "caption": "przeciwzmarszczkowy krem odbudowuj\u0105cy na dzie\u0144",
    "unit": "50 ml",
    "brand": "L\u0027OR\u00C9AL PARIS",
    "oldPrice": 29.99,
    "price": 17.99,
    "loyaltyPrice": null,
    "pricePerUnit": "100 ml = 35,98 z\u0142",
    "loyaltyPricePerUnit": null,
    "danNumber": null,
    "aGroupNrOld": null,
    "vat": 23,
    "height": 0,
    "width": 0,
    "depth": 0,
    "weight": 0,
    "category": "Twarz-Piel\u0119gnacja twarzy-Kremy do twarzy"
  },
  {
    "id": 223575,
    "navigateUrl": "/Produkt/Kremy-do-twarzy/LOreal-Paris-Ekspert-Wieku-60-przeciwzmarszczkowy-krem-odbudowujacy-na-noc-50-ml,223575,9223",
    "name": "Ekspert Wieku 60\u002B",
    "caption": "przeciwzmarszczkowy krem odbudowuj\u0105cy na noc",
    "unit": "50 ml",
    "brand": "L\u0027OR\u00C9AL PARIS",
    "oldPrice": 29.99,
    "price": 17.99,
    "loyaltyPrice": null,
    "pricePerUnit": "100 ml = 35,98 z\u0142",
    "loyaltyPricePerUnit": null,
    "danNumber": null,
    "aGroupNrOld": null,
    "vat": 23,
    "height": 0,
    "width": 0,
    "depth": 0,
    "weight": 0,
    "category": "Twarz-Piel\u0119gnacja twarzy-Kremy do twarzy"
  },
  {
    "id": 258637,
    "navigateUrl": "/Produkt/Kremy-do-twarzy/LOreal-Paris-Ekspert-Wieku-70-przeciwzmarszczkowy-krem-odzywczy-na-dzien-50-ml,258637,9223",
    "name": "Ekspert Wieku 70\u002B",
    "caption": "przeciwzmarszczkowy krem od\u017Cywczy na dzie\u0144",
    "unit": "50 ml",
    "brand": "L\u0027OR\u00C9AL PARIS",
    "oldPrice": 29.99,
    "price": 17.99,
    "loyaltyPrice": null,
    "pricePerUnit": "100 ml = 35,98 z\u0142",
    "loyaltyPricePerUnit": null,
    "danNumber": null,
    "aGroupNrOld": null,
    "vat": 23,
    "height": 0,
    "width": 0,
    "depth": 0,
    "weight": 0,
    "category": "Twarz-Piel\u0119gnacja twarzy-Kremy do twarzy"
  },
  {
    "id": 258640,
    "navigateUrl": "/Produkt/Kremy-do-twarzy/LOreal-Paris-Ekspert-Wieku-70-przeciwzmarszczkowy-krem-odzywczy-na-noc-50-ml,258640,9223",
    "name": "Ekspert Wieku 70\u002B",
    "caption": "przeciwzmarszczkowy krem od\u017Cywczy na noc",
    "unit": "50 ml",
    "brand": "L\u0027OR\u00C9AL PARIS",
    "oldPrice": 29.99,
    "price": 17.99,
    "loyaltyPrice": null,
    "pricePerUnit": "100 ml = 35,98 z\u0142",
    "loyaltyPricePerUnit": null,
    "danNumber": null,
    "aGroupNrOld": null,
    "vat": 23,
    "height": 0,
    "width": 0,
    "depth": 0,
    "weight": 0,
    "category": "Twarz-Piel\u0119gnacja twarzy-Kremy do twarzy"
  },
  {
    "id": 315769,
    "navigateUrl": "/Produkt/Kremy-pod-oczy/Eveline-Cosmetics-Korean-Exclusive-Snake-napinajaco-wygladzajacy-krem-maska-pod-oczy-i-na-powieki-n,315769,9224",
    "name": "Korean Exclusive Snake",
    "caption": "napinaj\u0105co-wyg\u0142adzaj\u0105cy krem-maska pod oczy i na powieki, na dzie\u0144 i na noc",
    "unit": "20 ml",
    "brand": "EVELINE COSMETICS",
    "oldPrice": 25.49,
    "price": 18.99,
    "loyaltyPrice": null,
    "pricePerUnit": "100 ml = 94,95 z\u0142",
    "loyaltyPricePerUnit": null,
    "danNumber": null,
    "aGroupNrOld": null,
    "vat": 23,
    "height": 0,
    "width": 0,
    "depth": 0,
    "weight": 0,
    "category": "Twarz-Piel\u0119gnacja twarzy-Kremy pod oczy"
  },
  {
    "id": 315760,
    "navigateUrl": "/Produkt/Kremy-do-twarzy/Eveline-Cosmetics-Korean-Exclusive-Snake-luksusowy-krem-koncentrat-modelujacy-kontur-twarzy-na-dzie,315760,9223",
    "name": "Korean Exclusive Snake",
    "caption": "luksusowy krem-koncentrat modeluj\u0105cy kontur twarzy, na dzie\u0144 i na noc, 50\u002B",
    "unit": "50 ml",
    "brand": "EVELINE COSMETICS",
    "oldPrice": 27.49,
    "price": 19.99,
    "loyaltyPrice": null,
    "pricePerUnit": "100 ml = 39,98 z\u0142",
    "loyaltyPricePerUnit": null,
    "danNumber": null,
    "aGroupNrOld": null,
    "vat": 23,
    "height": 0,
    "width": 0,
    "depth": 0,
    "weight": 0,
    "category": "Twarz-Piel\u0119gnacja twarzy-Kremy do twarzy"
  },
  {
    "id": 315762,
    "navigateUrl": "/Produkt/Kremy-do-twarzy/Eveline-Cosmetics-Korean-Exclusive-Snake-luksusowy-krem-koncentrat-multiliftingujacy-na-dzien-i-na-,315762,9223",
    "name": "Korean Exclusive Snake",
    "caption": "luksusowy krem-koncentrat multiliftinguj\u0105cy na dzie\u0144 i na noc, 60\u002B",
    "unit": "50 ml",
    "brand": "EVELINE COSMETICS",
    "oldPrice": 27.49,
    "price": 19.99,
    "loyaltyPrice": null,
    "pricePerUnit": "100 ml = 39,98 z\u0142",
    "loyaltyPricePerUnit": null,
    "danNumber": null,
    "aGroupNrOld": null,
    "vat": 23,
    "height": 0,
    "width": 0,
    "depth": 0,
    "weight": 0,
    "category": "Twarz-Piel\u0119gnacja twarzy-Kremy do twarzy"
  },
  {
    "id": 315764,
    "navigateUrl": "/Produkt/Kremy-do-twarzy/Eveline-Cosmetics-Korean-Exclusive-Snake-luksusowy-krem-koncentrat-silnie-odbudowujacy-na-dzien-i-n,315764,9223",
    "name": "Korean Exclusive Snake",
    "caption": "luksusowy krem-koncentrat silnie odbudowuj\u0105cy na dzie\u0144 i na noc, 70\u002B",
    "unit": "50 ml",
    "brand": "EVELINE COSMETICS",
    "oldPrice": 27.49,
    "price": 19.99,
    "loyaltyPrice": null,
    "pricePerUnit": "100 ml = 39,98 z\u0142",
    "loyaltyPricePerUnit": null,
    "danNumber": null,
    "aGroupNrOld": null,
    "vat": 23,
    "height": 0,
    "width": 0,
    "depth": 0,
    "weight": 0,
    "category": "Twarz-Piel\u0119gnacja twarzy-Kremy do twarzy"
  },
  {
    "id": 357678,
    "navigateUrl": "/Produkt/Kremy-do-twarzy/Bielenda-Bakuchiol-przeciwzmarszczkowy-krem-liftingujacy-na-dzien-i-na-noc-cera-dojrzala-50-50-ml,357678,9223",
    "name": "Bakuchiol",
    "caption": "przeciwzmarszczkowy krem liftinguj\u0105cy na dzie\u0144 i na noc, cera dojrza\u0142a, 50\u002B",
    "unit": "50 ml",
    "brand": "BIELENDA",
    "oldPrice": 24.99,
    "price": 16.99,
    "loyaltyPrice": null,
    "pricePerUnit": "100 ml = 33,98 z\u0142",
    "loyaltyPricePerUnit": null,
    "danNumber": null,
    "aGroupNrOld": null,
    "vat": 23,
    "height": 0,
    "width": 0,
    "depth": 0,
    "weight": 0,
    "category": "Twarz-Piel\u0119gnacja twarzy-Kremy do twarzy"
  },
  {
    "id": 357689,
    "navigateUrl": "/Produkt/Kremy-do-twarzy/Bielenda-Bakuchiol-wygladzajacy-krem-przeciwzmarszczkowy-na-dzien-i-na-noc-60-50-ml,357689,9223",
    "name": "Bakuchiol",
    "caption": "wyg\u0142adzaj\u0105cy krem przeciwzmarszczkowy na dzie\u0144 i na noc, 60\u002B",
    "unit": "50 ml",
    "brand": "BIELENDA",
    "oldPrice": 24.99,
    "price": 16.99,
    "loyaltyPrice": null,
    "pricePerUnit": "100 ml = 33,98 z\u0142",
    "loyaltyPricePerUnit": null,
    "danNumber": null,
    "aGroupNrOld": null,
    "vat": 23,
    "height": 0,
    "width": 0,
    "depth": 0,
    "weight": 0,
    "category": "Twarz-Piel\u0119gnacja twarzy-Kremy do twarzy"
  },
  {
    "id": 372618,
    "navigateUrl": "/Produkt/Kremy-do-twarzy/Bielenda-Royal-Bee-Elixir-przeciwzmarszczkowy-krem-liftingujaco-ujedrniajacy-na-dzien-i-na-noc-50-,372618,9223",
    "name": "Royal Bee Elixir",
    "caption": "przeciwzmarszczkowy krem liftinguj\u0105co- uj\u0119drniaj\u0105cy na dzie\u0144 i na noc, 50\u002B",
    "unit": "50 ml",
    "brand": "BIELENDA",
    "oldPrice": 24.99,
    "price": 18.99,
    "loyaltyPrice": null,
    "pricePerUnit": "100 ml = 37,98 z\u0142",
    "loyaltyPricePerUnit": null,
    "danNumber": null,
    "aGroupNrOld": null,
    "vat": 23,
    "height": 0,
    "width": 0,
    "depth": 0,
    "weight": 0,
    "category": "Twarz-Piel\u0119gnacja twarzy-Kremy do twarzy"
  },
  {
    "id": 372617,
    "navigateUrl": "/Produkt/Kremy-do-twarzy/Bielenda-Royal-Bee-Elixir-przeciwzmarszczkowy-krem-koncentrat-aktywnie-regenerujacy-na-dzien-i-na,372617,9223",
    "name": "Royal Bee Elixir",
    "caption": "przeciwzmarszczkowy krem - koncentrat aktywnie regeneruj\u0105cy, na dzie\u0144 i na noc, 60\u002B",
    "unit": "50 ml",
    "brand": "BIELENDA",
    "oldPrice": 24.99,
    "price": 18.99,
    "loyaltyPrice": null,
    "pricePerUnit": "100 ml = 37,98 z\u0142",
    "loyaltyPricePerUnit": null,
    "danNumber": null,
    "aGroupNrOld": null,
    "vat": 23,
    "height": 0,
    "width": 0,
    "depth": 0,
    "weight": 0,
    "category": "Twarz-Piel\u0119gnacja twarzy-Kremy do twarzy"
  },
  {
    "id": 372616,
    "navigateUrl": "/Produkt/Kremy-do-twarzy/Bielenda-Royal-Bee-Elixir-przeciwzmarszczkowy-krem-koncentrat-silnie-odbudowujacy-na-dzien-i-na-n,372616,9223",
    "name": "Royal Bee Elixir",
    "caption": "przeciwzmarszczkowy krem - koncentrat silnie odbudowuj\u0105cy, na dzie\u0144 i na noc, 70\u002B",
    "unit": "50 ml",
    "brand": "BIELENDA",
    "oldPrice": 24.99,
    "price": 18.99,
    "loyaltyPrice": null,
    "pricePerUnit": "100 ml = 37,98 z\u0142",
    "loyaltyPricePerUnit": null,
    "danNumber": null,
    "aGroupNrOld": null,
    "vat": 23,
    "height": 0,
    "width": 0,
    "depth": 0,
    "weight": 0,
    "category": "Twarz-Piel\u0119gnacja twarzy-Kremy do twarzy"
  },
  {
    "id": 164038,
    "navigateUrl": "/Produkt/Kremy-do-twarzy/Lirene-Bursztynowa-Odbudowa-60-przeciwzmarszczkowy-krem-ujedrniajacy-na-dzien-i-na-noc-50-ml,164038,9223",
    "name": "Bursztynowa Odbudowa 60\u002B",
    "caption": "przeciwzmarszczkowy krem uj\u0119drniaj\u0105cy na dzie\u0144 i na noc",
    "unit": "50 ml",
    "brand": "LIRENE",
    "oldPrice": 19.99,
    "price": 13.99,
    "loyaltyPrice": null,
    "pricePerUnit": "100 ml = 27,98 z\u0142",
    "loyaltyPricePerUnit": null,
    "danNumber": null,
    "aGroupNrOld": null,
    "vat": 23,
    "height": 0,
    "width": 0,
    "depth": 0,
    "weight": 0,
    "category": "Twarz-Piel\u0119gnacja twarzy-Kremy do twarzy"
  },
  {
    "id": 173175,
    "navigateUrl": "/Produkt/Kremy-do-twarzy/Lirene-Retinolowe-Odzywienie-70-przeciwzmarszczkowy-krem-naprawczy-na-dzien-i-na-noc-50-ml,173175,9223",
    "name": "Retinolowe Od\u017Cywienie 70\u002B",
    "caption": "przeciwzmarszczkowy krem naprawczy na dzie\u0144 i na noc",
    "unit": "50 ml",
    "brand": "LIRENE",
    "oldPrice": 19.99,
    "price": 13.99,
    "loyaltyPrice": null,
    "pricePerUnit": "100 ml = 27,98 z\u0142",
    "loyaltyPricePerUnit": null,
    "danNumber": null,
    "aGroupNrOld": null,
    "vat": 23,
    "height": 0,
    "width": 0,
    "depth": 0,
    "weight": 0,
    "category": "Twarz-Piel\u0119gnacja twarzy-Kremy do twarzy"
  },
  {
    "id": 381361,
    "navigateUrl": "/Produkt/Serum/Nivea-Cellular-Luminous-intensywne-serum-przeciw-przebarwieniom-skory-30-ml,381361,9225",
    "name": "Cellular Luminous",
    "caption": "intensywne serum przeciw przebarwieniom sk\u00F3ry",
    "unit": "30 ml",
    "brand": "NIVEA",
    "oldPrice": 89.99,
    "price": 66.99,
    "loyaltyPrice": null,
    "pricePerUnit": "100 ml = 223,30 z\u0142",
    "loyaltyPricePerUnit": null,
    "danNumber": null,
    "aGroupNrOld": null,
    "vat": 23,
    "height": 0,
    "width": 0,
    "depth": 0,
    "weight": 0,
    "category": "Twarz-Piel\u0119gnacja twarzy-Serum"
  },
  {
    "id": 381360,
    "navigateUrl": "/Produkt/Kremy-do-twarzy/Nivea-Cellular-Luminous-krem-przeciw-przebarwieniom-na-dzien-SPF-50-40-ml,381360,9223",
    "name": "Cellular Luminous",
    "caption": "krem przeciw przebarwieniom na dzie\u0144 SPF 50",
    "unit": "40 ml",
    "brand": "NIVEA",
    "oldPrice": 79.99,
    "price": 59.99,
    "loyaltyPrice": null,
    "pricePerUnit": "100 ml = 149,98 z\u0142",
    "loyaltyPricePerUnit": null,
    "danNumber": null,
    "aGroupNrOld": null,
    "vat": 23,
    "height": 0,
    "width": 0,
    "depth": 0,
    "weight": 0,
    "category": "Twarz-Piel\u0119gnacja twarzy-Kremy do twarzy"
  },
  {
    "id": 342782,
    "navigateUrl": "/Produkt/Toniki-do-twarzy/Hada-Labo-Tokyo-Premium-lation-zawierajacy-5-rodzajow-kwasu-hialuronowego-silnie-nawilzajacy-150-ml,342782,8692",
    "name": "Premium",
    "caption": "lation zawieraj\u0105cy 5 rodzaj\u00F3w kwasu hialuronowego, silnie nawil\u017Caj\u0105cy",
    "unit": "150 ml",
    "brand": "HADA LABO TOKYO",
    "oldPrice": 64.99,
    "price": 51.99,
    "loyaltyPrice": null,
    "pricePerUnit": "100 ml = 34,66 z\u0142",
    "loyaltyPricePerUnit": null,
    "danNumber": null,
    "aGroupNrOld": null,
    "vat": 23,
    "height": 0,
    "width": 0,
    "depth": 0,
    "weight": 0,
    "category": "Twarz-Oczyszczanie i demakija\u017C-Toniki do twarzy"
  },
  {
    "id": 342803,
    "navigateUrl": "/Produkt/Kremy-do-twarzy/Hada-Labo-Tokyo-Premium-odmladzajacy-krem-ujedrniajacy-na-dzien-50-ml,342803,9223",
    "name": "Premium",
    "caption": "odm\u0142adzaj\u0105cy krem uj\u0119drniaj\u0105cy na dzie\u0144",
    "unit": "50 ml",
    "brand": "HADA LABO TOKYO",
    "oldPrice": 69.99,
    "price": 55.99,
    "loyaltyPrice": null,
    "pricePerUnit": "100 ml = 111,98 z\u0142",
    "loyaltyPricePerUnit": null,
    "danNumber": null,
    "aGroupNrOld": null,
    "vat": 23,
    "height": 0,
    "width": 0,
    "depth": 0,
    "weight": 0,
    "category": "Twarz-Piel\u0119gnacja twarzy-Kremy do twarzy"
  },
  {
    "id": 342793,
    "navigateUrl": "/Produkt/Kremy-do-twarzy/Hada-Labo-Tokyo-Premium-krem-z-5-rodzajami-kwasu-hialuronowego-na-noc-50-ml,342793,9223",
    "name": "Premium",
    "caption": "krem z 5 rodzajami kwasu hialuronowego na noc",
    "unit": "50 ml",
    "brand": "HADA LABO TOKYO",
    "oldPrice": 69.99,
    "price": 55.99,
    "loyaltyPrice": null,
    "pricePerUnit": "100 ml = 111,98 z\u0142",
    "loyaltyPricePerUnit": null,
    "danNumber": null,
    "aGroupNrOld": null,
    "vat": 23,
    "height": 0,
    "width": 0,
    "depth": 0,
    "weight": 0,
    "category": "Twarz-Piel\u0119gnacja twarzy-Kremy do twarzy"
  },
  {
    "id": 260931,
    "navigateUrl": "/Produkt/Kremy-pod-oczy/Hada-Labo-Tokyo-Deep-Wrinkle-Corrector-krem-na-najglebsze-zmarszczki-do-okolic-oczu-i-ust-na-dzien-,260931,9224",
    "name": "Deep Wrinkle Corrector",
    "caption": "krem na najg\u0142\u0119bsze zmarszczki do okolic oczu i ust, na dzie\u0144 i na noc",
    "unit": "15 ml",
    "brand": "HADA LABO TOKYO",
    "oldPrice": 44.99,
    "price": 35.99,
    "loyaltyPrice": null,
    "pricePerUnit": "100 ml = 239,93 z\u0142",
    "loyaltyPricePerUnit": null,
    "danNumber": null,
    "aGroupNrOld": null,
    "vat": 23,
    "height": 0,
    "width": 0,
    "depth": 0,
    "weight": 0,
    "category": "Twarz-Piel\u0119gnacja twarzy-Kremy pod oczy"
  },
  {
    "id": 297431,
    "navigateUrl": "/Produkt/Kremy-do-twarzy/Hada-Labo-Tokyo-Red-krem-wypelniajacy-glebokie-zmarszczki-na-dzien-i-na-noc-50-ml,297431,9223",
    "name": "Red",
    "caption": "krem wype\u0142niaj\u0105cy g\u0142\u0119bokie zmarszczki na dzie\u0144 i na noc",
    "unit": "50 ml",
    "brand": "HADA LABO TOKYO",
    "oldPrice": 68.99,
    "price": 54.99,
    "loyaltyPrice": null,
    "pricePerUnit": "100 ml = 109,98 z\u0142",
    "loyaltyPricePerUnit": null,
    "danNumber": null,
    "aGroupNrOld": null,
    "vat": 23,
    "height": 0,
    "width": 0,
    "depth": 0,
    "weight": 0,
    "category": "Twarz-Piel\u0119gnacja twarzy-Kremy do twarzy"
  },
  {
    "id": 329807,
    "navigateUrl": "/Produkt/Kremy-do-twarzy/Hada-Labo-Tokyo-Oval-V-Lift-Hydro-Cream-krem-przeciwzmarszczkowy-na-dzien-i-na-noc-50-ml,329807,9223",
    "name": "Oval V-Lift Hydro Cream",
    "caption": "krem przeciwzmarszczkowy na dzie\u0144 i na noc",
    "unit": "50 ml",
    "brand": "HADA LABO TOKYO",
    "oldPrice": 54.99,
    "price": 43.99,
    "loyaltyPrice": null,
    "pricePerUnit": "100 ml = 87,98 z\u0142",
    "loyaltyPricePerUnit": null,
    "danNumber": null,
    "aGroupNrOld": null,
    "vat": 23,
    "height": 0,
    "width": 0,
    "depth": 0,
    "weight": 0,
    "category": "Twarz-Piel\u0119gnacja twarzy-Kremy do twarzy"
  },
  {
    "id": 260911,
    "navigateUrl": "/Produkt/Kremy-do-twarzy/Hada-Labo-Tokyo-Anti-Aging-przeciwzmarszczkowy-krem-nawilzajacy-na-dzien-50-ml,260911,9223",
    "name": "Anti-Aging",
    "caption": "przeciwzmarszczkowy krem nawil\u017Caj\u0105cy na dzie\u0144",
    "unit": "50 ml",
    "brand": "HADA LABO TOKYO",
    "oldPrice": 54.99,
    "price": 43.99,
    "loyaltyPrice": null,
    "pricePerUnit": "100 ml = 87,98 z\u0142",
    "loyaltyPricePerUnit": null,
    "danNumber": null,
    "aGroupNrOld": null,
    "vat": 23,
    "height": 0,
    "width": 0,
    "depth": 0,
    "weight": 0,
    "category": "Twarz-Piel\u0119gnacja twarzy-Kremy do twarzy"
  },
  {
    "id": 357646,
    "navigateUrl": "/Produkt/Serum/Dr-Skin-Clinic-booster-tradzik-kwas-salicylowy-03-destylat-olejku-z-drzewa-herbacianego-30-ml,357646,9225",
    "name": null,
    "caption": "booster tr\u0105dzik, kwas salicylowy 0,3%, destylat olejku z drzewa herbacianego",
    "unit": "30 ml",
    "brand": "DR SKIN CLINIC",
    "oldPrice": 62.99,
    "price": 44.99,
    "loyaltyPrice": null,
    "pricePerUnit": null,
    "loyaltyPricePerUnit": null,
    "danNumber": null,
    "aGroupNrOld": null,
    "vat": 23,
    "height": 0,
    "width": 0,
    "depth": 0,
    "weight": 0,
    "category": "Twarz-Piel\u0119gnacja twarzy-Serum"
  },
  {
    "id": 357647,
    "navigateUrl": "/Produkt/Serum/Dr-Skin-Clinic-booster-zmarszczki-4-Peptydy-30-ml,357647,9225",
    "name": null,
    "caption": "booster zmarszczki, 4% Peptydy",
    "unit": "30 ml",
    "brand": "DR SKIN CLINIC",
    "oldPrice": 84.99,
    "price": 59.99,
    "loyaltyPrice": null,
    "pricePerUnit": "100 ml = 199,97 z\u0142",
    "loyaltyPricePerUnit": null,
    "danNumber": null,
    "aGroupNrOld": null,
    "vat": 23,
    "height": 0,
    "width": 0,
    "depth": 0,
    "weight": 0,
    "category": "Twarz-Piel\u0119gnacja twarzy-Serum"
  },
  {
    "id": 357648,
    "navigateUrl": "/Produkt/Kremy-do-twarzy/Dr-Skin-Clinic-krem-intensywne-nawilzenie-na-dzien-i-na-noc-50-ml,357648,9223",
    "name": null,
    "caption": "krem intensywne nawil\u017Cenie na dzie\u0144 i na noc",
    "unit": "50 ml",
    "brand": "DR SKIN CLINIC",
    "oldPrice": 73.99,
    "price": 52.99,
    "loyaltyPrice": null,
    "pricePerUnit": "100 ml = 105,98 z\u0142",
    "loyaltyPricePerUnit": null,
    "danNumber": null,
    "aGroupNrOld": null,
    "vat": 23,
    "height": 0,
    "width": 0,
    "depth": 0,
    "weight": 0,
    "category": "Twarz-Piel\u0119gnacja twarzy-Kremy do twarzy"
  },
  {
    "id": 357649,
    "navigateUrl": "/Produkt/Kremy-do-twarzy/Dr-Skin-Clinic-krem-intensywna-ochrona-na-dzien-i-na-noc-50-ml,357649,9223",
    "name": null,
    "caption": "krem intensywna ochrona na dzie\u0144 i na noc",
    "unit": "50 ml",
    "brand": "DR SKIN CLINIC",
    "oldPrice": 73.99,
    "price": 52.99,
    "loyaltyPrice": null,
    "pricePerUnit": "100 ml = 105,98 z\u0142",
    "loyaltyPricePerUnit": null,
    "danNumber": null,
    "aGroupNrOld": null,
    "vat": 23,
    "height": 0,
    "width": 0,
    "depth": 0,
    "weight": 0,
    "category": "Twarz-Piel\u0119gnacja twarzy-Kremy do twarzy"
  },
  {
    "id": 343008,
    "navigateUrl": "/Produkt/Kremy-pod-oczy/Yoskine-Geisha-Gold-Secret-krem-olejkowy-pod-oczy-i-na-powieki-z-herbata-matcha-15-ml,343008,9224",
    "name": "Geisha Gold Secret",
    "caption": "krem olejkowy pod oczy i na powieki z herbat\u0105 matcha",
    "unit": "15 ml",
    "brand": "YOSKINE",
    "oldPrice": 34.99,
    "price": 25.99,
    "loyaltyPrice": null,
    "pricePerUnit": "100 ml = 173,27 z\u0142",
    "loyaltyPricePerUnit": null,
    "danNumber": null,
    "aGroupNrOld": null,
    "vat": 23,
    "height": 0,
    "width": 0,
    "depth": 0,
    "weight": 0,
    "category": "Twarz-Piel\u0119gnacja twarzy-Kremy pod oczy"
  },
  {
    "id": 343053,
    "navigateUrl": "/Produkt/Serum/Yoskine-Geisha-Gold-Secret-serum-liftingujace-z-lipidami-sojowymi-30-ml,343053,9225",
    "name": "Geisha Gold Secret",
    "caption": "serum liftinguj\u0105ce z lipidami sojowymi",
    "unit": "30 ml",
    "brand": "YOSKINE",
    "oldPrice": 57.99,
    "price": 42.99,
    "loyaltyPrice": null,
    "pricePerUnit": "100 ml = 143,30 z\u0142",
    "loyaltyPricePerUnit": null,
    "danNumber": null,
    "aGroupNrOld": null,
    "vat": 23,
    "height": 0,
    "width": 0,
    "depth": 0,
    "weight": 0,
    "category": "Twarz-Piel\u0119gnacja twarzy-Serum"
  },
  {
    "id": 357644,
    "navigateUrl": "/Produkt/Serum/Dr-Skin-Clinic-booster-rozjasnianie-15-Witamina-C-5-Glukonolakton-30-ml,357644,9225",
    "name": null,
    "caption": "booster rozja\u015Bnianie 15% Witamina C, 5% Glukonolakton",
    "unit": "30 ml",
    "brand": "DR SKIN CLINIC",
    "oldPrice": 73.99,
    "price": 52.99,
    "loyaltyPrice": null,
    "pricePerUnit": null,
    "loyaltyPricePerUnit": null,
    "danNumber": null,
    "aGroupNrOld": null,
    "vat": 23,
    "height": 0,
    "width": 0,
    "depth": 0,
    "weight": 0,
    "category": "Twarz-Piel\u0119gnacja twarzy-Serum"
  },
  {
    "id": 342936,
    "navigateUrl": "/Produkt/Kremy-do-twarzy/Yoskine-Geisha-Gold-Secret-przeciwzmarszczkowy-krem-z-nicmi-jedwabiu-na-dzien-i-na-noc-55-50-ml,342936,9223",
    "name": "Geisha Gold Secret",
    "caption": "przeciwzmarszczkowy krem z ni\u0107mi jedwabiu na dzie\u0144 i na noc, 55\u002B",
    "unit": "50 ml",
    "brand": "YOSKINE",
    "oldPrice": 57.99,
    "price": 42.99,
    "loyaltyPrice": null,
    "pricePerUnit": "100 ml = 85,98 z\u0142",
    "loyaltyPricePerUnit": null,
    "danNumber": null,
    "aGroupNrOld": null,
    "vat": 23,
    "height": 0,
    "width": 0,
    "depth": 0,
    "weight": 0,
    "category": "Twarz-Piel\u0119gnacja twarzy-Kremy do twarzy"
  },
  {
    "id": 357645,
    "navigateUrl": "/Produkt/Serum/Dr-Skin-Clinic-booster-odmladzanie-1-Retinoidy-30-ml,357645,9225",
    "name": null,
    "caption": "booster odm\u0142adzanie 1% Retinoidy",
    "unit": "30 ml",
    "brand": "DR SKIN CLINIC",
    "oldPrice": 94.99,
    "price": 66.99,
    "loyaltyPrice": null,
    "pricePerUnit": null,
    "loyaltyPricePerUnit": null,
    "danNumber": null,
    "aGroupNrOld": null,
    "vat": 23,
    "height": 0,
    "width": 0,
    "depth": 0,
    "weight": 0,
    "category": "Twarz-Piel\u0119gnacja twarzy-Serum"
  },
  {
    "id": 342969,
    "navigateUrl": "/Produkt/Kremy-do-twarzy/Yoskine-Geisha-Gold-Secret-przeciwzmarszczkowy-krem-z-alga-nori-na-dzien-i-na-noc-65-50-ml,342969,9223",
    "name": "Geisha Gold Secret",
    "caption": "przeciwzmarszczkowy krem z alg\u0105 nori na dzie\u0144 i na noc, 65\u002B",
    "unit": "50 ml",
    "brand": "YOSKINE",
    "oldPrice": 57.99,
    "price": 42.99,
    "loyaltyPrice": null,
    "pricePerUnit": "100 ml = 85,98 z\u0142",
    "loyaltyPricePerUnit": null,
    "danNumber": null,
    "aGroupNrOld": null,
    "vat": 23,
    "height": 0,
    "width": 0,
    "depth": 0,
    "weight": 0,
    "category": "Twarz-Piel\u0119gnacja twarzy-Kremy do twarzy"
  },
  {
    "id": 342986,
    "navigateUrl": "/Produkt/Kremy-do-twarzy/Yoskine-Geisha-Gold-Secret-krem-3D-multi-lifting-na-zmarszczki-na-dzien-i-na-noc-50-ml,342986,9223",
    "name": "Geisha Gold Secret",
    "caption": "krem 3D multi-lifting na zmarszczki na dzie\u0144 i na noc",
    "unit": "50 ml",
    "brand": "YOSKINE",
    "oldPrice": 57.99,
    "price": 42.99,
    "loyaltyPrice": null,
    "pricePerUnit": "100 ml = 85,98 z\u0142",
    "loyaltyPricePerUnit": null,
    "danNumber": null,
    "aGroupNrOld": null,
    "vat": 23,
    "height": 0,
    "width": 0,
    "depth": 0,
    "weight": 0,
    "category": "Twarz-Piel\u0119gnacja twarzy-Kremy do twarzy"
  },
  {
    "id": 379178,
    "navigateUrl": "/Produkt/Kremy-pod-oczy/Uzdrovisco-krem-wypelniajacy-zmarszczki-pod-oczy-i-na-powieki-na-dzien-i-na-noc-25-ml,379178,9224",
    "name": null,
    "caption": "krem wype\u0142niaj\u0105cy zmarszczki pod oczy i na powieki na dzie\u0144 i na noc",
    "unit": "25 ml",
    "brand": "UZDROVISCO",
    "oldPrice": 48.99,
    "price": 38.99,
    "loyaltyPrice": null,
    "pricePerUnit": "100 ml = 155,96 z\u0142",
    "loyaltyPricePerUnit": null,
    "danNumber": null,
    "aGroupNrOld": null,
    "vat": 23,
    "height": 0,
    "width": 0,
    "depth": 0,
    "weight": 0,
    "category": "Twarz-Piel\u0119gnacja twarzy-Kremy pod oczy"
  },
  {
    "id": 379179,
    "navigateUrl": "/Produkt/Kremy-pod-oczy/Uzdrovisco-krem-roslinny-wypelniacz-zmarszczek-na-twarz-szyje-dekolt-i-pod-oczy-na-dzien-i-noc-50-,379179,9224",
    "name": null,
    "caption": "krem, ro\u015Blinny wype\u0142niacz zmarszczek na twarz, szyj\u0119, dekolt i pod oczy, na dzie\u0144 i noc",
    "unit": "50 ml",
    "brand": "UZDROVISCO",
    "oldPrice": 57.99,
    "price": 45.99,
    "loyaltyPrice": null,
    "pricePerUnit": "100 ml = 91,98 z\u0142",
    "loyaltyPricePerUnit": null,
    "danNumber": null,
    "aGroupNrOld": null,
    "vat": 23,
    "height": 0,
    "width": 0,
    "depth": 0,
    "weight": 0,
    "category": "Twarz-Piel\u0119gnacja twarzy-Kremy pod oczy"
  },
  {
    "id": 379176,
    "navigateUrl": "/Produkt/Kremy-do-twarzy/Uzdrovisco-krem-wypelniajacy-zmarszczki-na-dzien-50-ml,379176,9223",
    "name": null,
    "caption": "krem wype\u0142niaj\u0105cy zmarszczki na dzie\u0144 ",
    "unit": "50 ml",
    "brand": "UZDROVISCO",
    "oldPrice": 55.99,
    "price": 44.99,
    "loyaltyPrice": null,
    "pricePerUnit": "100 ml = 89,98 z\u0142",
    "loyaltyPricePerUnit": null,
    "danNumber": null,
    "aGroupNrOld": null,
    "vat": 23,
    "height": 0,
    "width": 0,
    "depth": 0,
    "weight": 0,
    "category": "Twarz-Piel\u0119gnacja twarzy-Kremy do twarzy"
  },
  {
    "id": 379177,
    "navigateUrl": "/Produkt/Kremy-do-twarzy/Uzdrovisco-krem-wypelniajacy-zmarszczki-na-noc-50-ml,379177,9223",
    "name": null,
    "caption": "krem wype\u0142niaj\u0105cy zmarszczki na noc ",
    "unit": "50 ml",
    "brand": "UZDROVISCO",
    "oldPrice": 55.99,
    "price": 44.99,
    "loyaltyPrice": null,
    "pricePerUnit": "100 ml = 89,98 z\u0142",
    "loyaltyPricePerUnit": null,
    "danNumber": null,
    "aGroupNrOld": null,
    "vat": 23,
    "height": 0,
    "width": 0,
    "depth": 0,
    "weight": 0,
    "category": "Twarz-Piel\u0119gnacja twarzy-Kremy do twarzy"
  },
  {
    "id": 178250,
    "navigateUrl": "/Produkt/Kremy-pod-oczy/Nivea-Hyaluron-Cellular-Filler-przeciwzmarszczkowy-krem-pod-oczy-15-ml,178250,9224",
    "name": "Hyaluron Cellular Filler",
    "caption": "przeciwzmarszczkowy krem pod oczy",
    "unit": "15 ml",
    "brand": "NIVEA",
    "oldPrice": 58.99,
    "price": 41.99,
    "loyaltyPrice": null,
    "pricePerUnit": "100 ml = 279,93 z\u0142",
    "loyaltyPricePerUnit": null,
    "danNumber": null,
    "aGroupNrOld": null,
    "vat": 23,
    "height": 0,
    "width": 0,
    "depth": 0,
    "weight": 0,
    "category": "Twarz-Piel\u0119gnacja twarzy-Kremy pod oczy"
  },
  {
    "id": 178242,
    "navigateUrl": "/Produkt/Kremy-do-twarzy/Nivea-Hyaluron-Cellular-Filler-krem-przeciwzmarszczkowy-na-dzien-SPF-15-50-ml,178242,9223",
    "name": "Hyaluron Cellular Filler",
    "caption": "krem przeciwzmarszczkowy na dzie\u0144 SPF 15",
    "unit": "50 ml",
    "brand": "NIVEA",
    "oldPrice": 58.99,
    "price": 41.99,
    "loyaltyPrice": null,
    "pricePerUnit": "100 ml = 83,98 z\u0142",
    "loyaltyPricePerUnit": null,
    "danNumber": null,
    "aGroupNrOld": null,
    "vat": 23,
    "height": 0,
    "width": 0,
    "depth": 0,
    "weight": 0,
    "category": "Twarz-Piel\u0119gnacja twarzy-Kremy do twarzy"
  },
  {
    "id": 178246,
    "navigateUrl": "/Produkt/Kremy-do-twarzy/Nivea-Hyaluron-Cellular-Filler-krem-przeciwzmarszczkowy-na-noc-50-ml,178246,9223",
    "name": "Hyaluron Cellular Filler",
    "caption": "krem przeciwzmarszczkowy na noc",
    "unit": "50 ml",
    "brand": "NIVEA",
    "oldPrice": 58.99,
    "price": 41.99,
    "loyaltyPrice": null,
    "pricePerUnit": "100 ml = 83,98 z\u0142",
    "loyaltyPricePerUnit": null,
    "danNumber": null,
    "aGroupNrOld": null,
    "vat": 23,
    "height": 0,
    "width": 0,
    "depth": 0,
    "weight": 0,
    "category": "Twarz-Piel\u0119gnacja twarzy-Kremy do twarzy"
  },
  {
    "id": 322654,
    "navigateUrl": "/Produkt/Kremy-do-twarzy/Biotaniqe-Jad-Zmii-Efekt-Botoxu-krem-liftingujacy-na-dzien-i-na-noc-60-50-ml,322654,9223",
    "name": "Jad \u017Bmii Efekt Botoxu",
    "caption": "krem liftinguj\u0105cy na dzie\u0144 i na noc 60\u002B",
    "unit": "50 ml",
    "brand": "BIOTANIQE",
    "oldPrice": 43.99,
    "price": 27.99,
    "loyaltyPrice": null,
    "pricePerUnit": "100 ml = 55,98 z\u0142",
    "loyaltyPricePerUnit": null,
    "danNumber": null,
    "aGroupNrOld": null,
    "vat": 23,
    "height": 0,
    "width": 0,
    "depth": 0,
    "weight": 0,
    "category": "Twarz-Piel\u0119gnacja twarzy-Kremy do twarzy"
  },
  {
    "id": 322627,
    "navigateUrl": "/Produkt/Kremy-do-twarzy/Biotaniqe-Jad-Zmii-Efekt-Botoxu-krem-przeciwzmarszczkowy-na-dzien-i-na-noc-50-50-ml,322627,9223",
    "name": "Jad \u017Bmii Efekt Botoxu",
    "caption": "krem przeciwzmarszczkowy na dzie\u0144 i na noc 50\u002B",
    "unit": "50 ml",
    "brand": "BIOTANIQE",
    "oldPrice": 43.99,
    "price": 27.99,
    "loyaltyPrice": null,
    "pricePerUnit": "100 ml = 55,98 z\u0142",
    "loyaltyPricePerUnit": null,
    "danNumber": null,
    "aGroupNrOld": null,
    "vat": 23,
    "height": 0,
    "width": 0,
    "depth": 0,
    "weight": 0,
    "category": "Twarz-Piel\u0119gnacja twarzy-Kremy do twarzy"
  },
  {
    "id": 322660,
    "navigateUrl": "/Produkt/Kremy-pod-oczy/Biotaniqe-Jad-Zmii-Efekt-Botoxu-krem-wypelniajacy-okolice-oczu-i-ust-cera-dojrzala-20-ml,322660,9224",
    "name": "Jad \u017Bmii Efekt Botoxu",
    "caption": "krem wype\u0142niaj\u0105cy okolice oczu i ust, cera dojrza\u0142a",
    "unit": "20 ml",
    "brand": "BIOTANIQE",
    "oldPrice": 38.99,
    "price": 24.99,
    "loyaltyPrice": null,
    "pricePerUnit": "100 ml = 124,95 z\u0142",
    "loyaltyPricePerUnit": null,
    "danNumber": null,
    "aGroupNrOld": null,
    "vat": 23,
    "height": 0,
    "width": 0,
    "depth": 0,
    "weight": 0,
    "category": "Twarz-Piel\u0119gnacja twarzy-Kremy pod oczy"
  },
  {
    "id": 321333,
    "navigateUrl": "/Produkt/Serum/Janda-Sila-Wypelniacza-Hialuronowego-hialusferyczne-serum-wypelniacz-zmarszczek-50-ml,321333,9225",
    "name": "Si\u0142a Wype\u0142niacza Hialuronowego",
    "caption": "hialusferyczne serum, wype\u0142niacz zmarszczek",
    "unit": "50 ml",
    "brand": "JANDA",
    "oldPrice": 35.99,
    "price": 26.99,
    "loyaltyPrice": null,
    "pricePerUnit": "100 ml = 89,97 z\u0142",
    "loyaltyPricePerUnit": null,
    "danNumber": null,
    "aGroupNrOld": null,
    "vat": 23,
    "height": 0,
    "width": 0,
    "depth": 0,
    "weight": 0,
    "category": "Twarz-Piel\u0119gnacja twarzy-Serum"
  },
  {
    "id": 321332,
    "navigateUrl": "/Produkt/Kremy-do-twarzy/Janda-Sila-Wypelniacza-Hialuronowego-hialusferyczny-lekki-krem-pod-oczy-redukujacy-cienie-i-zmarszc,321332,9223",
    "name": "Si\u0142a Wype\u0142niacza Hialuronowego",
    "caption": "hialusferyczny lekki krem pod oczy, redukuj\u0105cy cienie i zmarszczki wok\u00F3\u0142 oczu",
    "unit": "15 ml",
    "brand": "JANDA",
    "oldPrice": 35.99,
    "price": 26.99,
    "loyaltyPrice": null,
    "pricePerUnit": "100 ml = 179,93 z\u0142",
    "loyaltyPricePerUnit": null,
    "danNumber": null,
    "aGroupNrOld": null,
    "vat": 23,
    "height": 0,
    "width": 0,
    "depth": 0,
    "weight": 0,
    "category": "Twarz-Piel\u0119gnacja twarzy-Kremy do twarzy"
  },
  {
    "id": 321330,
    "navigateUrl": "/Produkt/Kremy-do-twarzy/Janda-Sila-Wypelniacza-Hialuronowego-hialusferyczny-krem-wygladzajacy-na-dzien-50-ml,321330,9223",
    "name": "Si\u0142a Wype\u0142niacza Hialuronowego",
    "caption": "hialusferyczny krem wyg\u0142adzaj\u0105cy na dzie\u0144",
    "unit": "50 ml",
    "brand": "JANDA",
    "oldPrice": 45.99,
    "price": 33.99,
    "loyaltyPrice": null,
    "pricePerUnit": "100 ml = 67,98 z\u0142",
    "loyaltyPricePerUnit": null,
    "danNumber": null,
    "aGroupNrOld": null,
    "vat": 23,
    "height": 0,
    "width": 0,
    "depth": 0,
    "weight": 0,
    "category": "Twarz-Piel\u0119gnacja twarzy-Kremy do twarzy"
  },
  {
    "id": 321331,
    "navigateUrl": "/Produkt/Kremy-do-twarzy/Janda-Sila-Wypelniacza-Hialuronowego-hialusferyczny-krem-redukujacy-zmarszczki-na-noc-50-ml,321331,9223",
    "name": "Si\u0142a Wype\u0142niacza Hialuronowego",
    "caption": "hialusferyczny krem redukuj\u0105cy zmarszczki na noc",
    "unit": "50 ml",
    "brand": "JANDA",
    "oldPrice": 45.99,
    "price": 33.99,
    "loyaltyPrice": null,
    "pricePerUnit": "100 ml = 67,98 z\u0142",
    "loyaltyPricePerUnit": null,
    "danNumber": null,
    "aGroupNrOld": null,
    "vat": 23,
    "height": 0,
    "width": 0,
    "depth": 0,
    "weight": 0,
    "category": "Twarz-Piel\u0119gnacja twarzy-Kremy do twarzy"
  },
  {
    "id": 275101,
    "navigateUrl": "/Produkt/Kremy-pod-oczy/Christian-Laurent-Pour-La-Beaute-infuzyjny-zloty-krem-przeciwzmarszczkowy-pod-oczy-i-na-powieki-20-,275101,9224",
    "name": "Pour La Beaute",
    "caption": "infuzyjny z\u0142oty krem przeciwzmarszczkowy pod oczy i na powieki",
    "unit": "20 ml",
    "brand": "CHRISTIAN LAURENT",
    "oldPrice": 31.99,
    "price": 23.99,
    "loyaltyPrice": null,
    "pricePerUnit": "100 ml = 119,95 z\u0142",
    "loyaltyPricePerUnit": null,
    "danNumber": null,
    "aGroupNrOld": null,
    "vat": 23,
    "height": 0,
    "width": 0,
    "depth": 0,
    "weight": 0,
    "category": "Twarz-Piel\u0119gnacja twarzy-Kremy pod oczy"
  },
  {
    "id": 297451,
    "navigateUrl": "/Produkt/Kremy-do-twarzy/Christian-Laurent-Pour-La-Beaute-infuzyjny-krem-silnie-nawilzajacy-na-pierwsze-zmarszczki-na-dzien-,297451,9223",
    "name": "Pour La Beaute",
    "caption": "infuzyjny krem silnie nawil\u017Caj\u0105cy na pierwsze zmarszczki, na dzie\u0144 i na noc, 35\u002B",
    "unit": "50 ml",
    "brand": "CHRISTIAN LAURENT",
    "oldPrice": 42.99,
    "price": 31.99,
    "loyaltyPrice": null,
    "pricePerUnit": "100 ml = 63,98 z\u0142",
    "loyaltyPricePerUnit": null,
    "danNumber": null,
    "aGroupNrOld": null,
    "vat": 23,
    "height": 0,
    "width": 0,
    "depth": 0,
    "weight": 0,
    "category": "Twarz-Piel\u0119gnacja twarzy-Kremy do twarzy"
  },
  {
    "id": 275094,
    "navigateUrl": "/Produkt/Kremy-do-twarzy/Christian-Laurent-Pour-La-Beaute-infuzyjny-krem-liftingujacy-wypelniajacy-zmarszczki-na-dzien-i-na-,275094,9223",
    "name": "Pour La Beaute",
    "caption": "infuzyjny krem liftinguj\u0105cy wype\u0142niaj\u0105cy zmarszczki, na dzie\u0144 i na noc, 45\u002B",
    "unit": "50 ml",
    "brand": "CHRISTIAN LAURENT",
    "oldPrice": 42.99,
    "price": 31.99,
    "loyaltyPrice": null,
    "pricePerUnit": "100 ml = 63,98 z\u0142",
    "loyaltyPricePerUnit": null,
    "danNumber": null,
    "aGroupNrOld": null,
    "vat": 23,
    "height": 0,
    "width": 0,
    "depth": 0,
    "weight": 0,
    "category": "Twarz-Piel\u0119gnacja twarzy-Kremy do twarzy"
  },
  {
    "id": 321246,
    "navigateUrl": "/Produkt/Serum/Biotaniqe-Terapia-Sluzem-Slimaka-koncentrat-ze-sluzu-slimaka-30-ml,321246,9225",
    "name": "Terapia \u015Aluzem \u015Alimaka",
    "caption": "koncentrat ze \u015Bluzu \u015Blimaka",
    "unit": "30 ml",
    "brand": "BIOTANIQE",
    "oldPrice": 34.99,
    "price": 25.99,
    "loyaltyPrice": null,
    "pricePerUnit": "100 ml = 86,63 z\u0142",
    "loyaltyPricePerUnit": null,
    "danNumber": null,
    "aGroupNrOld": null,
    "vat": 23,
    "height": 0,
    "width": 0,
    "depth": 0,
    "weight": 0,
    "category": "Twarz-Piel\u0119gnacja twarzy-Serum"
  },
  {
    "id": 269035,
    "navigateUrl": "/Produkt/Kremy-pod-oczy/Biotaniqe-Terapia-Sluzem-Slimaka-rozswietlajacy-krem-pod-oczy-30-15-ml,269035,9224",
    "name": "Terapia \u015Aluzem \u015Alimaka",
    "caption": "roz\u015Bwietlaj\u0105cy krem pod oczy 30\u002B",
    "unit": "15 ml",
    "brand": "BIOTANIQE",
    "oldPrice": 33.99,
    "price": 24.99,
    "loyaltyPrice": null,
    "pricePerUnit": "100 ml = 166,60 z\u0142",
    "loyaltyPricePerUnit": null,
    "danNumber": null,
    "aGroupNrOld": null,
    "vat": 23,
    "height": 0,
    "width": 0,
    "depth": 0,
    "weight": 0,
    "category": "Twarz-Piel\u0119gnacja twarzy-Kremy pod oczy"
  },
  {
    "id": 269033,
    "navigateUrl": "/Produkt/Kremy-do-twarzy/Biotaniqe-Terapia-Sluzem-Slimaka-bioaktywny-krem-regenerujacy-na-dzien-i-na-noc-kazdy-typ-cery-30-,269033,9223",
    "name": "Terapia \u015Aluzem \u015Alimaka",
    "caption": "bioaktywny krem regeneruj\u0105cy na dzie\u0144 i na noc ka\u017Cdy typ cery, 30\u002B",
    "unit": "50 ml",
    "brand": "BIOTANIQE",
    "oldPrice": 35.99,
    "price": 26.99,
    "loyaltyPrice": null,
    "pricePerUnit": "100 ml = 53,98 z\u0142",
    "loyaltyPricePerUnit": null,
    "danNumber": null,
    "aGroupNrOld": null,
    "vat": 23,
    "height": 0,
    "width": 0,
    "depth": 0,
    "weight": 0,
    "category": "Twarz-Piel\u0119gnacja twarzy-Kremy do twarzy"
  },
  {
    "id": 269032,
    "navigateUrl": "/Produkt/Kremy-do-twarzy/Biotaniqe-Terapia-Sluzem-Slimaka-rewitalizujacy-krem-odmladzajacy-na-dzien-i-na-noc-kazdy-typ-cery-,269032,9223",
    "name": "Terapia \u015Aluzem \u015Alimaka",
    "caption": "rewitalizuj\u0105cy krem odm\u0142adzaj\u0105cy na dzie\u0144 i na noc, ka\u017Cdy typ cery, 40\u002B",
    "unit": "50 ml",
    "brand": "BIOTANIQE",
    "oldPrice": 35.99,
    "price": 26.99,
    "loyaltyPrice": null,
    "pricePerUnit": "100 ml = 53,98 z\u0142",
    "loyaltyPricePerUnit": null,
    "danNumber": null,
    "aGroupNrOld": null,
    "vat": 23,
    "height": 0,
    "width": 0,
    "depth": 0,
    "weight": 0,
    "category": "Twarz-Piel\u0119gnacja twarzy-Kremy do twarzy"
  },
  {
    "id": 269044,
    "navigateUrl": "/Produkt/Kremy-do-twarzy/Biotaniqe-Terapia-Sluzem-Slimaka-krem-maska-intensywnie-regenerujacy-na-noc-kazdy-typ-cery-30-50-m,269044,9223",
    "name": "Terapia \u015Aluzem \u015Alimaka",
    "caption": "krem-maska, intensywnie regeneruj\u0105cy na noc, ka\u017Cdy typ cery, 30\u002B",
    "unit": "50 ml",
    "brand": "BIOTANIQE",
    "oldPrice": 35.99,
    "price": 26.99,
    "loyaltyPrice": null,
    "pricePerUnit": "100 ml = 53,98 z\u0142",
    "loyaltyPricePerUnit": null,
    "danNumber": null,
    "aGroupNrOld": null,
    "vat": 23,
    "height": 0,
    "width": 0,
    "depth": 0,
    "weight": 0,
    "category": "Twarz-Piel\u0119gnacja twarzy-Kremy do twarzy"
  },
  {
    "id": 325591,
    "navigateUrl": "/Produkt/Kremy-pod-oczy/LOreal-Paris-Hyaluron-Specialist-krem-pod-oczy-wypelniajaca-kuracja-nawilzajaca-15-ml,325591,9224",
    "name": "Hyaluron Specialist",
    "caption": "krem pod oczy, wype\u0142niaj\u0105ca kuracja nawil\u017Caj\u0105ca",
    "unit": "15 ml",
    "brand": "L\u0027OR\u00C9AL PARIS",
    "oldPrice": 31.99,
    "price": 19.99,
    "loyaltyPrice": null,
    "pricePerUnit": "100 ml = 133,27 z\u0142",
    "loyaltyPricePerUnit": null,
    "danNumber": null,
    "aGroupNrOld": null,
    "vat": 23,
    "height": 0,
    "width": 0,
    "depth": 0,
    "weight": 0,
    "category": "Twarz-Piel\u0119gnacja twarzy-Kremy pod oczy"
  },
  {
    "id": 379183,
    "navigateUrl": "/Produkt/Zele-i-pianki-do-twarzy/LOreal-Paris-Hyaluron-Specialist-skoncentrowany-zel-nawilzajacy-z-kwasem-hialuronowym-50-ml,379183,8690",
    "name": "Hyaluron Specialist",
    "caption": "skoncentrowany \u017Cel nawil\u017Caj\u0105cy z kwasem hialuronowym",
    "unit": "50 ml",
    "brand": "L\u0027OR\u00C9AL PARIS",
    "oldPrice": 34.99,
    "price": 26.99,
    "loyaltyPrice": null,
    "pricePerUnit": "100 ml = 53,98 z\u0142",
    "loyaltyPricePerUnit": null,
    "danNumber": null,
    "aGroupNrOld": null,
    "vat": 23,
    "height": 0,
    "width": 0,
    "depth": 0,
    "weight": 0,
    "category": "Twarz-Oczyszczanie i demakija\u017C-\u017Bele i pianki do twarzy"
  },
  {
    "id": 325593,
    "navigateUrl": "/Produkt/Kremy-do-twarzy/LOreal-Paris-Hyaluron-Specialist-wypelniajacy-krem-nawilzajacy-na-dzien-50-ml,325593,9223",
    "name": "Hyaluron Specialist",
    "caption": "wype\u0142niaj\u0105cy krem nawil\u017Caj\u0105cy na dzie\u0144",
    "unit": "50 ml",
    "brand": "L\u0027OR\u00C9AL PARIS",
    "oldPrice": 31.99,
    "price": 19.99,
    "loyaltyPrice": null,
    "pricePerUnit": "100 ml = 39,98 z\u0142",
    "loyaltyPricePerUnit": null,
    "danNumber": null,
    "aGroupNrOld": null,
    "vat": 23,
    "height": 0,
    "width": 0,
    "depth": 0,
    "weight": 0,
    "category": "Twarz-Piel\u0119gnacja twarzy-Kremy do twarzy"
  },
  {
    "id": 325592,
    "navigateUrl": "/Produkt/Maseczki/LOreal-Paris-Hyaluron-Specialist-krem-maska-na-noc-wypelniajaca-i-nawilzajaca-50-ml,325592,9226",
    "name": "Hyaluron Specialist",
    "caption": "krem maska na noc, wype\u0142niaj\u0105ca i nawil\u017Caj\u0105ca",
    "unit": "50 ml",
    "brand": "L\u0027OR\u00C9AL PARIS",
    "oldPrice": 31.99,
    "price": 19.99,
    "loyaltyPrice": null,
    "pricePerUnit": "100 ml = 39,98 z\u0142",
    "loyaltyPricePerUnit": null,
    "danNumber": null,
    "aGroupNrOld": null,
    "vat": 23,
    "height": 0,
    "width": 0,
    "depth": 0,
    "weight": 0,
    "category": "Twarz-Piel\u0119gnacja twarzy-Maseczki"
  },
  {
    "id": 369988,
    "navigateUrl": "/Produkt/Serum/Perfecta-B3-Forte-odmladzajace-serum-do-twarzy-na-dzien-i-na-noc-kwas-hialuronowy-30-ml,369988,9225",
    "name": "B3 Forte",
    "caption": "odm\u0142adzaj\u0105ce serum do twarzy na dzie\u0144 i na noc kwas hialuronowy",
    "unit": "30 ml",
    "brand": "PERFECTA",
    "oldPrice": 29.99,
    "price": 19.99,
    "loyaltyPrice": null,
    "pricePerUnit": "1 ml = 0,67 z\u0142",
    "loyaltyPricePerUnit": null,
    "danNumber": null,
    "aGroupNrOld": null,
    "vat": 23,
    "height": 0,
    "width": 0,
    "depth": 0,
    "weight": 0,
    "category": "Twarz-Piel\u0119gnacja twarzy-Serum"
  },
  {
    "id": 370001,
    "navigateUrl": "/Produkt/Kremy-pod-oczy/Perfecta-B3-Forte-rozswietlajacy-krem-pod-oczy-i-na-powieki-15-ml,370001,9224",
    "name": "B3 Forte",
    "caption": "roz\u015Bwietlaj\u0105cy krem pod oczy i na powieki",
    "unit": "15 ml",
    "brand": "PERFECTA",
    "oldPrice": 23.99,
    "price": 15.99,
    "loyaltyPrice": null,
    "pricePerUnit": "1 ml = 1,07 z\u0142",
    "loyaltyPricePerUnit": null,
    "danNumber": null,
    "aGroupNrOld": null,
    "vat": 23,
    "height": 0,
    "width": 0,
    "depth": 0,
    "weight": 0,
    "category": "Twarz-Piel\u0119gnacja twarzy-Kremy pod oczy"
  },
  {
    "id": 369996,
    "navigateUrl": "/Produkt/Kremy-do-twarzy/Perfecta-B3-Forte-krem-silnie-nawilzajacy-na-dzien-i-na-noc-30-50-ml,369996,9223",
    "name": "B3 Forte",
    "caption": "krem silnie nawil\u017Caj\u0105cy na dzie\u0144 i na noc, 30\u002B",
    "unit": "50 ml",
    "brand": "PERFECTA",
    "oldPrice": 29.99,
    "price": 19.99,
    "loyaltyPrice": null,
    "pricePerUnit": "1 ml = 0,40 z\u0142",
    "loyaltyPricePerUnit": null,
    "danNumber": null,
    "aGroupNrOld": null,
    "vat": 23,
    "height": 0,
    "width": 0,
    "depth": 0,
    "weight": 0,
    "category": "Twarz-Piel\u0119gnacja twarzy-Kremy do twarzy"
  },
  {
    "id": 369997,
    "navigateUrl": "/Produkt/Kremy-do-twarzy/Perfecta-B3-Forte-krem-ujedrniajacy-na-dzien-i-na-noc-40-50-ml,369997,9223",
    "name": "B3 Forte",
    "caption": "krem uj\u0119drniaj\u0105cy na dzie\u0144 i na noc, 40\u002B",
    "unit": "50 ml",
    "brand": "PERFECTA",
    "oldPrice": 29.99,
    "price": 19.99,
    "loyaltyPrice": null,
    "pricePerUnit": "1 ml = 0,40 z\u0142",
    "loyaltyPricePerUnit": null,
    "danNumber": null,
    "aGroupNrOld": null,
    "vat": 23,
    "height": 0,
    "width": 0,
    "depth": 0,
    "weight": 0,
    "category": "Twarz-Piel\u0119gnacja twarzy-Kremy do twarzy"
  },
  {
    "id": 378805,
    "navigateUrl": "/Produkt/Serum/Lirene-Acid-Power-serum-wygladzajace-do-twarzy-kazdy-rodzaj-cery-30-ml,378805,9225",
    "name": "Acid Power",
    "caption": "serum wyg\u0142adzaj\u0105ce do twarzy ka\u017Cdy rodzaj cery",
    "unit": "30 ml",
    "brand": "LIRENE",
    "oldPrice": 24.99,
    "price": 17.99,
    "loyaltyPrice": null,
    "pricePerUnit": "100 ml = 59,97 z\u0142",
    "loyaltyPricePerUnit": null,
    "danNumber": null,
    "aGroupNrOld": null,
    "vat": 23,
    "height": 0,
    "width": 0,
    "depth": 0,
    "weight": 0,
    "category": "Twarz-Piel\u0119gnacja twarzy-Serum"
  },
  {
    "id": 378794,
    "navigateUrl": "/Produkt/Kremy-do-twarzy/Lirene-Acid-Power-wypelniajacy-krem-przeciwzmarszczkowy-na-dzien-i-na-noc-kazdy-rodzaj-cery-50-ml,378794,9223",
    "name": "Acid Power",
    "caption": "wype\u0142niaj\u0105cy krem przeciwzmarszczkowy na dzie\u0144 i na noc, ka\u017Cdy rodzaj cery",
    "unit": "50 ml",
    "brand": "LIRENE",
    "oldPrice": 24.99,
    "price": 18.99,
    "loyaltyPrice": null,
    "pricePerUnit": "100 ml = 37,98 z\u0142",
    "loyaltyPricePerUnit": null,
    "danNumber": null,
    "aGroupNrOld": null,
    "vat": 23,
    "height": 0,
    "width": 0,
    "depth": 0,
    "weight": 0,
    "category": "Twarz-Piel\u0119gnacja twarzy-Kremy do twarzy"
  },
  {
    "id": 378800,
    "navigateUrl": "/Produkt/Serum/Lirene-Acid-Power-serum-nawilzajace-z-kwasem-hialuronowym-cera-sucha-i-naczynkowa-hydrolatem-z-blaw,378800,9225",
    "name": "Acid Power",
    "caption": "serum nawil\u017Caj\u0105ce z kwasem hialuronowym cera sucha i naczynkowa, hydrolatem z b\u0142awatka",
    "unit": "30 ml",
    "brand": "LIRENE",
    "oldPrice": 24.99,
    "price": 17.99,
    "loyaltyPrice": null,
    "pricePerUnit": "100 ml = 59,97 z\u0142",
    "loyaltyPricePerUnit": null,
    "danNumber": null,
    "aGroupNrOld": null,
    "vat": 23,
    "height": 0,
    "width": 0,
    "depth": 0,
    "weight": 0,
    "category": "Twarz-Piel\u0119gnacja twarzy-Serum"
  },
  {
    "id": 366559,
    "navigateUrl": "/Produkt/Serum/Alterra-ampulki-hialuronowe-7x1ml,366559,9225",
    "name": null,
    "caption": "ampu\u0142ki hialuronowe",
    "unit": "7x1ml",
    "brand": "ALTERRA",
    "oldPrice": 17.99,
    "price": 12.79,
    "loyaltyPrice": null,
    "pricePerUnit": "100 ml = 182,71 z\u0142",
    "loyaltyPricePerUnit": null,
    "danNumber": null,
    "aGroupNrOld": null,
    "vat": 23,
    "height": 0,
    "width": 0,
    "depth": 0,
    "weight": 0,
    "category": "Twarz-Piel\u0119gnacja twarzy-Serum"
  },
  {
    "id": 378793,
    "navigateUrl": "/Produkt/Kremy-do-twarzy/Lirene-Acid-Power-nawilzajacy-krem-wygladzajacy-na-dzien-i-na-noc-cera-sucha-i-naczynkowa-z-hydrol,378793,9223",
    "name": "Acid Power",
    "caption": "nawil\u017Caj\u0105cy krem wyg\u0142adzaj\u0105cy na dzie\u0144 i na noc cera sucha i naczynkowa, z hydrolatem z b\u0142awatka",
    "unit": "50 ml",
    "brand": "LIRENE",
    "oldPrice": 24.99,
    "price": 18.99,
    "loyaltyPrice": null,
    "pricePerUnit": "100 ml = 37,98 z\u0142",
    "loyaltyPricePerUnit": null,
    "danNumber": null,
    "aGroupNrOld": null,
    "vat": 23,
    "height": 0,
    "width": 0,
    "depth": 0,
    "weight": 0,
    "category": "Twarz-Piel\u0119gnacja twarzy-Kremy do twarzy"
  },
  {
    "id": 381435,
    "navigateUrl": "/Produkt/Serum/Lirene-Acid-Power-serum-zluszczajace-z-hydrolatem-grejpfrutowym-ceraz-przebarwieniami-i-tradzikowa-,381435,9225",
    "name": "Acid Power",
    "caption": "serum z\u0142uszczaj\u0105ce z hydrolatem grejpfrutowym ceraz przebarwieniami i tr\u0105dzikowa",
    "unit": "30 ml",
    "brand": "LIRENE",
    "oldPrice": 24.99,
    "price": 17.99,
    "loyaltyPrice": null,
    "pricePerUnit": "100 ml = 59,97 z\u0142",
    "loyaltyPricePerUnit": null,
    "danNumber": null,
    "aGroupNrOld": null,
    "vat": 23,
    "height": 0,
    "width": 0,
    "depth": 0,
    "weight": 0,
    "category": "Twarz-Piel\u0119gnacja twarzy-Serum"
  },
  {
    "id": 381434,
    "navigateUrl": "/Produkt/Kremy-do-twarzy/Lirene-Acid-Power-rewitalizujacy-krem-wyrownujacy-koloryt-na-dzien-i-na-noc-cera-z-przebarwieniami-,381434,9223",
    "name": "Acid Power",
    "caption": "rewitalizuj\u0105cy krem wyr\u00F3wnuj\u0105cy koloryt na dzie\u0144 i na noc, cera z przebarwieniami",
    "unit": "50 ml",
    "brand": "LIRENE",
    "oldPrice": 24.99,
    "price": 18.99,
    "loyaltyPrice": null,
    "pricePerUnit": "100 ml = 37,98 z\u0142",
    "loyaltyPricePerUnit": null,
    "danNumber": null,
    "aGroupNrOld": null,
    "vat": 23,
    "height": 0,
    "width": 0,
    "depth": 0,
    "weight": 0,
    "category": "Twarz-Piel\u0119gnacja twarzy-Kremy do twarzy"
  },
  {
    "id": 223563,
    "navigateUrl": "/Produkt/Kremy-do-twarzy/LOreal-Paris-Ekspert-Wieku-40-przeciwzmarszczkowy-krem-wygladzajacy-na-dzien-50-ml,223563,9223",
    "name": "Ekspert Wieku 40\u002B",
    "caption": "przeciwzmarszczkowy krem wyg\u0142adzaj\u0105cy na dzie\u0144",
    "unit": "50 ml",
    "brand": "L\u0027OR\u00C9AL PARIS",
    "oldPrice": 29.99,
    "price": 17.99,
    "loyaltyPrice": null,
    "pricePerUnit": "100 ml = 35,98 z\u0142",
    "loyaltyPricePerUnit": null,
    "danNumber": null,
    "aGroupNrOld": null,
    "vat": 23,
    "height": 0,
    "width": 0,
    "depth": 0,
    "weight": 0,
    "category": "Twarz-Piel\u0119gnacja twarzy-Kremy do twarzy"
  },
  {
    "id": 223564,
    "navigateUrl": "/Produkt/Kremy-do-twarzy/LOreal-Paris-Ekspert-Wieku-40-przeciwzmarszczkowy-krem-wygladzajacy-na-noc-50-ml,223564,9223",
    "name": "Ekspert Wieku 40\u002B",
    "caption": "przeciwzmarszczkowy krem wyg\u0142adzaj\u0105cy na noc",
    "unit": "50 ml",
    "brand": "L\u0027OR\u00C9AL PARIS",
    "oldPrice": 29.99,
    "price": 17.99,
    "loyaltyPrice": null,
    "pricePerUnit": "100 ml = 35,98 z\u0142",
    "loyaltyPricePerUnit": null,
    "danNumber": null,
    "aGroupNrOld": null,
    "vat": 23,
    "height": 0,
    "width": 0,
    "depth": 0,
    "weight": 0,
    "category": "Twarz-Piel\u0119gnacja twarzy-Kremy do twarzy"
  },
  {
    "id": 357691,
    "navigateUrl": "/Produkt/Serum/Bielenda-Bakuchiol-odbudowujace-serum-przeciwzmarszczkowe-na-dzien-i-na-noc-30-ml,357691,9225",
    "name": "Bakuchiol",
    "caption": "odbudowuj\u0105ce serum przeciwzmarszczkowe na dzie\u0144 i na noc",
    "unit": "30 ml",
    "brand": "BIELENDA",
    "oldPrice": 25.99,
    "price": 17.99,
    "loyaltyPrice": null,
    "pricePerUnit": "100 ml = 59,97 z\u0142",
    "loyaltyPricePerUnit": null,
    "danNumber": null,
    "aGroupNrOld": null,
    "vat": 23,
    "height": 0,
    "width": 0,
    "depth": 0,
    "weight": 0,
    "category": "Twarz-Piel\u0119gnacja twarzy-Serum"
  },
  {
    "id": 357692,
    "navigateUrl": "/Produkt/Kremy-pod-oczy/Bielenda-Bakuchiol-regenerujacy-krem-pod-oczy-przeciwzmarszczkowy-na-dzien-i-na-noc-15-ml,357692,9224",
    "name": "Bakuchiol",
    "caption": "regeneruj\u0105cy krem pod oczy przeciwzmarszczkowy na dzie\u0144 i na noc",
    "unit": "15 ml",
    "brand": "BIELENDA",
    "oldPrice": 18.99,
    "price": 12.99,
    "loyaltyPrice": null,
    "pricePerUnit": "100 ml = 86,60 z\u0142",
    "loyaltyPricePerUnit": null,
    "danNumber": null,
    "aGroupNrOld": null,
    "vat": 23,
    "height": 0,
    "width": 0,
    "depth": 0,
    "weight": 0,
    "category": "Twarz-Piel\u0119gnacja twarzy-Kremy pod oczy"
  },
  {
    "id": 357677,
    "navigateUrl": "/Produkt/Kremy-do-twarzy/Bielenda-Bakuchiol-przeciwzmarszczkowy-krem-nawilzajacy-na-dzien-i-na-noc-cera-dojrzala-40-50-ml,357677,9223",
    "name": "Bakuchiol",
    "caption": "przeciwzmarszczkowy krem nawil\u017Caj\u0105cy na dzie\u0144 i na noc, cera dojrza\u0142a, 40\u002B",
    "unit": "50 ml",
    "brand": "BIELENDA",
    "oldPrice": 24.99,
    "price": 16.99,
    "loyaltyPrice": null,
    "pricePerUnit": "100 ml = 33,98 z\u0142",
    "loyaltyPricePerUnit": null,
    "danNumber": null,
    "aGroupNrOld": null,
    "vat": 23,
    "height": 0,
    "width": 0,
    "depth": 0,
    "weight": 0,
    "category": "Twarz-Piel\u0119gnacja twarzy-Kremy do twarzy"
  },
  {
    "id": 372708,
    "navigateUrl": "/Produkt/Kremy-pod-oczy/AA-My-Beauty-Power-rozswietlajacy-koncentrat-zel-pod-oczy-Niacynamid-2-15-ml,372708,9224",
    "name": "My Beauty Power",
    "caption": "roz\u015Bwietlaj\u0105cy koncentrat-\u017Cel pod oczy, Niacynamid 2%",
    "unit": "15 ml",
    "brand": "AA",
    "oldPrice": 19.99,
    "price": 13.99,
    "loyaltyPrice": null,
    "pricePerUnit": "100 ml = 93,27 z\u0142",
    "loyaltyPricePerUnit": null,
    "danNumber": null,
    "aGroupNrOld": null,
    "vat": 23,
    "height": 0,
    "width": 0,
    "depth": 0,
    "weight": 0,
    "category": "Twarz-Piel\u0119gnacja twarzy-Kremy pod oczy"
  },
  {
    "id": 372615,
    "navigateUrl": "/Produkt/Serum/Bielenda-Royal-Bee-Elixir-przeciwzmarszczkowe-serum-aktywnie-rewitalizujace-na-dzien-i-na-noc-30-ml,372615,9225",
    "name": "Royal Bee Elixir",
    "caption": "przeciwzmarszczkowe serum aktywnie rewitalizuj\u0105ce na dzie\u0144 i na noc",
    "unit": "30 ml",
    "brand": "BIELENDA",
    "oldPrice": 27.99,
    "price": 21.99,
    "loyaltyPrice": null,
    "pricePerUnit": "100 ml = 73,30 z\u0142",
    "loyaltyPricePerUnit": null,
    "danNumber": null,
    "aGroupNrOld": null,
    "vat": 23,
    "height": 0,
    "width": 0,
    "depth": 0,
    "weight": 0,
    "category": "Twarz-Piel\u0119gnacja twarzy-Serum"
  },
  {
    "id": 372614,
    "navigateUrl": "/Produkt/Kremy-pod-oczy/Bielenda-Royal-Bee-Elixir-silnie-ujedrniajacy-krem-przeciwzmarszczkowy-pod-oczy-15-ml,372614,9224",
    "name": "Royal Bee Elixir",
    "caption": "silnie uj\u0119drniaj\u0105cy krem przeciwzmarszczkowy pod oczy",
    "unit": "15 ml",
    "brand": "BIELENDA",
    "oldPrice": 18.99,
    "price": 14.99,
    "loyaltyPrice": null,
    "pricePerUnit": "100 ml = 99,93 z\u0142",
    "loyaltyPricePerUnit": null,
    "danNumber": null,
    "aGroupNrOld": null,
    "vat": 23,
    "height": 0,
    "width": 0,
    "depth": 0,
    "weight": 0,
    "category": "Twarz-Piel\u0119gnacja twarzy-Kremy pod oczy"
  },
  {
    "id": 372604,
    "navigateUrl": "/Produkt/Kremy-do-twarzy/Bielenda-Royal-Bee-Elixir-przeciwzmarszczkowy-krem-silnie-nawilzajacy-na-dzien-i-na-noc-40-50-ml,372604,9223",
    "name": "Royal Bee Elixir",
    "caption": "przeciwzmarszczkowy krem silnie nawil\u017Caj\u0105cy na dzie\u0144 i na noc, 40\u002B",
    "unit": "50 ml",
    "brand": "BIELENDA",
    "oldPrice": 24.99,
    "price": 18.99,
    "loyaltyPrice": null,
    "pricePerUnit": "100 ml = 37,98 z\u0142",
    "loyaltyPricePerUnit": null,
    "danNumber": null,
    "aGroupNrOld": null,
    "vat": 23,
    "height": 0,
    "width": 0,
    "depth": 0,
    "weight": 0,
    "category": "Twarz-Piel\u0119gnacja twarzy-Kremy do twarzy"
  },
  {
    "id": 381851,
    "navigateUrl": "/Produkt/Kremy-pod-oczy/AA-Vita-C-Lift-50-ujedrniajacy-krem-wyrownujacy-koloryt-pod-oczy-50-15-ml,381851,9224",
    "name": "Vita C Lift 50\u002B",
    "caption": "uj\u0119drniaj\u0105cy krem wyr\u00F3wnuj\u0105cy koloryt pod oczy, 50\u002B",
    "unit": "15 ml",
    "brand": "AA",
    "oldPrice": 19.99,
    "price": 15.99,
    "loyaltyPrice": null,
    "pricePerUnit": "100 ml = 106,60 z\u0142",
    "loyaltyPricePerUnit": null,
    "danNumber": null,
    "aGroupNrOld": null,
    "vat": 23,
    "height": 0,
    "width": 0,
    "depth": 0,
    "weight": 0,
    "category": "Twarz-Piel\u0119gnacja twarzy-Kremy pod oczy"
  },
  {
    "id": 381849,
    "navigateUrl": "/Produkt/Kremy-do-twarzy/AA-Vita-C-Lift-50-liftingujacy-krem-wyrownujacy-koloryt-na-dzien-50-50-ml,381849,9223",
    "name": "Vita C Lift 50\u002B",
    "caption": "liftinguj\u0105cy krem wyr\u00F3wnuj\u0105cy koloryt na dzie\u0144, 50\u002B",
    "unit": "50 ml",
    "brand": "AA",
    "oldPrice": 22.99,
    "price": 16.99,
    "loyaltyPrice": null,
    "pricePerUnit": "100 ml = 33,98 z\u0142",
    "loyaltyPricePerUnit": null,
    "danNumber": null,
    "aGroupNrOld": null,
    "vat": 23,
    "height": 0,
    "width": 0,
    "depth": 0,
    "weight": 0,
    "category": "Twarz-Piel\u0119gnacja twarzy-Kremy do twarzy"
  },
  {
    "id": 381850,
    "navigateUrl": "/Produkt/Kremy-do-twarzy/AA-Vita-C-Lift-50-ujedrniajacy-krem-wyrownujacy-koloryt-na-noc-50-50-ml,381850,9223",
    "name": "Vita C Lift 50\u002B",
    "caption": "uj\u0119drniaj\u0105cy krem wyr\u00F3wnuj\u0105cy koloryt na noc, 50\u002B",
    "unit": "50 ml",
    "brand": "AA",
    "oldPrice": 22.99,
    "price": 16.99,
    "loyaltyPrice": null,
    "pricePerUnit": "100 ml = 33,98 z\u0142",
    "loyaltyPricePerUnit": null,
    "danNumber": null,
    "aGroupNrOld": null,
    "vat": 23,
    "height": 0,
    "width": 0,
    "depth": 0,
    "weight": 0,
    "category": "Twarz-Piel\u0119gnacja twarzy-Kremy do twarzy"
  },
  {
    "id": 343010,
    "navigateUrl": "/Produkt/Kremy-pod-oczy/Uzdrovisco-fitodozujacy-krem-pod-oczy-i-na-powieki-na-zmarszczki-i-cienie-15-ml,343010,9224",
    "name": null,
    "caption": "fitodozuj\u0105cy krem pod oczy i na powieki na zmarszczki i cienie",
    "unit": "15 ml",
    "brand": "UZDROVISCO",
    "oldPrice": 43.99,
    "price": 35.99,
    "loyaltyPrice": null,
    "pricePerUnit": "100 ml = 239,93 z\u0142",
    "loyaltyPricePerUnit": null,
    "danNumber": null,
    "aGroupNrOld": null,
    "vat": 23,
    "height": 0,
    "width": 0,
    "depth": 0,
    "weight": 0,
    "category": "Twarz-Piel\u0119gnacja twarzy-Kremy pod oczy"
  },
  {
    "id": 343068,
    "navigateUrl": "/Produkt/Maseczki/Uzdrovisco-fitodozujacy-krem-maska-regenerujacy-50-ml,343068,9226",
    "name": null,
    "caption": "fitodozuj\u0105cy krem-maska regeneruj\u0105cy",
    "unit": "50 ml",
    "brand": "UZDROVISCO",
    "oldPrice": 53.99,
    "price": 43.99,
    "loyaltyPrice": null,
    "pricePerUnit": "100 ml = 87,98 z\u0142",
    "loyaltyPricePerUnit": null,
    "danNumber": null,
    "aGroupNrOld": null,
    "vat": 23,
    "height": 0,
    "width": 0,
    "depth": 0,
    "weight": 0,
    "category": "Twarz-Piel\u0119gnacja twarzy-Maseczki"
  },
  {
    "id": 342976,
    "navigateUrl": "/Produkt/Kremy-do-twarzy/Uzdrovisco-fitodozujacy-poranny-krem-redukujacy-zmarszczki-na-dzien-50-ml,342976,9223",
    "name": null,
    "caption": "fitodozuj\u0105cy poranny krem redukuj\u0105cy zmarszczki na dzie\u0144",
    "unit": "50 ml",
    "brand": "UZDROVISCO",
    "oldPrice": 53.99,
    "price": 43.99,
    "loyaltyPrice": null,
    "pricePerUnit": "100 ml = 87,98 z\u0142",
    "loyaltyPricePerUnit": null,
    "danNumber": null,
    "aGroupNrOld": null,
    "vat": 23,
    "height": 0,
    "width": 0,
    "depth": 0,
    "weight": 0,
    "category": "Twarz-Piel\u0119gnacja twarzy-Kremy do twarzy"
  },
  {
    "id": 342991,
    "navigateUrl": "/Produkt/Kremy-do-twarzy/Uzdrovisco-fitodozujacy-wieczorny-krem-redukujacy-zmarszczki-na-noc-50-ml,342991,9223",
    "name": null,
    "caption": "fitodozuj\u0105cy wieczorny krem redukuj\u0105cy zmarszczki na noc",
    "unit": "50 ml",
    "brand": "UZDROVISCO",
    "oldPrice": 53.99,
    "price": 43.99,
    "loyaltyPrice": null,
    "pricePerUnit": "100 ml = 87,98 z\u0142",
    "loyaltyPricePerUnit": null,
    "danNumber": null,
    "aGroupNrOld": null,
    "vat": 23,
    "height": 0,
    "width": 0,
    "depth": 0,
    "weight": 0,
    "category": "Twarz-Piel\u0119gnacja twarzy-Kremy do twarzy"
  },
  {
    "id": 260807,
    "navigateUrl": "/Produkt/Serum/Hada-Labo-Tokyo-White-nawilzajacy-lotion-do-twarzy-150-ml,260807,9225",
    "name": "White",
    "caption": "nawil\u017Caj\u0105cy lotion do twarzy ",
    "unit": "150 ml",
    "brand": "HADA LABO TOKYO",
    "oldPrice": 48.99,
    "price": 37.99,
    "loyaltyPrice": null,
    "pricePerUnit": "100 ml = 25,33 z\u0142",
    "loyaltyPricePerUnit": null,
    "danNumber": null,
    "aGroupNrOld": null,
    "vat": 23,
    "height": 0,
    "width": 0,
    "depth": 0,
    "weight": 0,
    "category": "Twarz-Piel\u0119gnacja twarzy-Serum"
  },
  {
    "id": 260909,
    "navigateUrl": "/Produkt/Kremy-do-twarzy/Hada-Labo-Tokyo-nawilzajacy-krem-wygladzajacy-na-dzien-i-na-noc-50-ml,260909,9223",
    "name": null,
    "caption": "nawil\u017Caj\u0105cy krem wyg\u0142adzaj\u0105cy na dzie\u0144 i na noc",
    "unit": "50 ml",
    "brand": "HADA LABO TOKYO",
    "oldPrice": 52.99,
    "price": 41.99,
    "loyaltyPrice": null,
    "pricePerUnit": "100 ml = 83,98 z\u0142",
    "loyaltyPricePerUnit": null,
    "danNumber": null,
    "aGroupNrOld": null,
    "vat": 23,
    "height": 0,
    "width": 0,
    "depth": 0,
    "weight": 0,
    "category": "Twarz-Piel\u0119gnacja twarzy-Kremy do twarzy"
  },
  {
    "id": 260801,
    "navigateUrl": "/Produkt/Kremy-do-twarzy/Hada-Labo-Tokyo-hydro-zel-wypelniajacy-skore-na-dzien-i-na-noc-50-ml,260801,9223",
    "name": null,
    "caption": "hydro-\u017Cel wype\u0142niaj\u0105cy sk\u00F3r\u0119 na dzie\u0144 i na noc",
    "unit": "50 ml",
    "brand": "HADA LABO TOKYO",
    "oldPrice": 52.99,
    "price": 41.99,
    "loyaltyPrice": null,
    "pricePerUnit": "100 ml = 83,98 z\u0142",
    "loyaltyPricePerUnit": null,
    "danNumber": null,
    "aGroupNrOld": null,
    "vat": 23,
    "height": 0,
    "width": 0,
    "depth": 0,
    "weight": 0,
    "category": "Twarz-Piel\u0119gnacja twarzy-Kremy do twarzy"
  },
  {
    "id": 368096,
    "navigateUrl": "/Produkt/Serum/Onlybio-Face-Balance-adaptogenne-serum-do-twarzy-zwezajace-pory-30-ml,368096,9225",
    "name": "Face Balance",
    "caption": "adaptogenne serum do twarzy zw\u0119\u017Caj\u0105ce pory",
    "unit": "30 ml",
    "brand": "ONLYBIO",
    "oldPrice": 36.99,
    "price": 24.99,
    "loyaltyPrice": null,
    "pricePerUnit": "1 ml = 0,83 z\u0142",
    "loyaltyPricePerUnit": null,
    "danNumber": null,
    "aGroupNrOld": null,
    "vat": 23,
    "height": 0,
    "width": 0,
    "depth": 0,
    "weight": 0,
    "category": "Twarz-Piel\u0119gnacja twarzy-Serum"
  },
  {
    "id": 368097,
    "navigateUrl": "/Produkt/Serum/Onlybio-Face-Balance-adaptogenne-serum-do-twarzy-nawilzajace-30-ml,368097,9225",
    "name": "Face Balance",
    "caption": "adaptogenne serum do twarzy nawil\u017Caj\u0105ce ",
    "unit": "30 ml",
    "brand": "ONLYBIO",
    "oldPrice": 36.99,
    "price": 24.99,
    "loyaltyPrice": null,
    "pricePerUnit": "1 ml = 0,83 z\u0142",
    "loyaltyPricePerUnit": null,
    "danNumber": null,
    "aGroupNrOld": null,
    "vat": 23,
    "height": 0,
    "width": 0,
    "depth": 0,
    "weight": 0,
    "category": "Twarz-Piel\u0119gnacja twarzy-Serum"
  },
  {
    "id": 368099,
    "navigateUrl": "/Produkt/Kremy-do-twarzy/Onlybio-Face-Balance-adaptogenny-krem-mikrozluszczajacy-na-noc-50-ml,368099,9223",
    "name": "Face Balance",
    "caption": "adaptogenny krem mikroz\u0142uszczaj\u0105cy na noc",
    "unit": "50 ml",
    "brand": "ONLYBIO",
    "oldPrice": 31.99,
    "price": 19.99,
    "loyaltyPrice": null,
    "pricePerUnit": "1 ml = 0,40 z\u0142",
    "loyaltyPricePerUnit": null,
    "danNumber": null,
    "aGroupNrOld": null,
    "vat": 23,
    "height": 0,
    "width": 0,
    "depth": 0,
    "weight": 0,
    "category": "Twarz-Piel\u0119gnacja twarzy-Kremy do twarzy"
  },
  {
    "id": 368098,
    "navigateUrl": "/Produkt/Serum/Onlybio-Face-Balance-adaptogenne-serum-do-twarzy-rozswietlajace-30-ml,368098,9225",
    "name": "Face Balance",
    "caption": "adaptogenne serum do twarzy roz\u015Bwietlaj\u0105ce",
    "unit": "30 ml",
    "brand": "ONLYBIO",
    "oldPrice": 36.99,
    "price": 24.99,
    "loyaltyPrice": null,
    "pricePerUnit": "1 ml = 0,83 z\u0142",
    "loyaltyPricePerUnit": null,
    "danNumber": null,
    "aGroupNrOld": null,
    "vat": 23,
    "height": 0,
    "width": 0,
    "depth": 0,
    "weight": 0,
    "category": "Twarz-Piel\u0119gnacja twarzy-Serum"
  },
  {
    "id": 368114,
    "navigateUrl": "/Produkt/Kremy-do-twarzy/Onlybio-Face-Balance-adaptogenny-krem-rozswietlajacy-na-dzien-50-ml,368114,9223",
    "name": "Face Balance",
    "caption": "adaptogenny krem roz\u015Bwietlaj\u0105cy na dzie\u0144",
    "unit": "50 ml",
    "brand": "ONLYBIO",
    "oldPrice": 31.99,
    "price": 19.99,
    "loyaltyPrice": null,
    "pricePerUnit": "1 ml = 0,40 z\u0142",
    "loyaltyPricePerUnit": null,
    "danNumber": null,
    "aGroupNrOld": null,
    "vat": 23,
    "height": 0,
    "width": 0,
    "depth": 0,
    "weight": 0,
    "category": "Twarz-Piel\u0119gnacja twarzy-Kremy do twarzy"
  },
  {
    "id": 378787,
    "navigateUrl": "/Produkt/Serum/Fluff-Superfood-serum-dwufazowe-do-twarzy-avocado-aloe-40-ml,378787,9225",
    "name": "Superfood",
    "caption": "serum dwufazowe do twarzy, avocado \u002B aloe",
    "unit": "40 ml",
    "brand": "FLUFF",
    "oldPrice": 36.99,
    "price": 27.99,
    "loyaltyPrice": null,
    "pricePerUnit": "100 ml = 69,98 z\u0142",
    "loyaltyPricePerUnit": null,
    "danNumber": null,
    "aGroupNrOld": null,
    "vat": 23,
    "height": 0,
    "width": 0,
    "depth": 0,
    "weight": 0,
    "category": "Twarz-Piel\u0119gnacja twarzy-Serum"
  },
  {
    "id": 378789,
    "navigateUrl": "/Produkt/Serum/Fluff-Superfood-serum-dwufazowe-do-twarzy-turmeric-vitC-40-ml,378789,9225",
    "name": "Superfood",
    "caption": "serum dwufazowe do twarzy, turmeric \u002B vit.C",
    "unit": "40 ml",
    "brand": "FLUFF",
    "oldPrice": 36.99,
    "price": 27.99,
    "loyaltyPrice": null,
    "pricePerUnit": "100 ml = 69,98 z\u0142",
    "loyaltyPricePerUnit": null,
    "danNumber": null,
    "aGroupNrOld": null,
    "vat": 23,
    "height": 0,
    "width": 0,
    "depth": 0,
    "weight": 0,
    "category": "Twarz-Piel\u0119gnacja twarzy-Serum"
  },
  {
    "id": 357908,
    "navigateUrl": "/Produkt/Serum/Fluff-Superfood-mleko-do-twarzy-Liczi-40-ml,357908,9225",
    "name": "Superfood",
    "caption": "mleko do twarzy Liczi",
    "unit": "40 ml",
    "brand": "FLUFF",
    "oldPrice": 34.99,
    "price": 23.99,
    "loyaltyPrice": null,
    "pricePerUnit": "100 ml = 59,98 z\u0142",
    "loyaltyPricePerUnit": null,
    "danNumber": null,
    "aGroupNrOld": null,
    "vat": 23,
    "height": 0,
    "width": 0,
    "depth": 0,
    "weight": 0,
    "category": "Twarz-Piel\u0119gnacja twarzy-Serum"
  },
  {
    "id": 357909,
    "navigateUrl": "/Produkt/Serum/Fluff-Superfood-mleko-do-twarzy-Zen-Szen-40-ml,357909,9225",
    "name": "Superfood",
    "caption": "mleko do twarzy \u017Be\u0144-Sze\u0144",
    "unit": "40 ml",
    "brand": "FLUFF",
    "oldPrice": 34.99,
    "price": 23.99,
    "loyaltyPrice": null,
    "pricePerUnit": "100 ml = 59,98 z\u0142",
    "loyaltyPricePerUnit": null,
    "danNumber": null,
    "aGroupNrOld": null,
    "vat": 23,
    "height": 0,
    "width": 0,
    "depth": 0,
    "weight": 0,
    "category": "Twarz-Piel\u0119gnacja twarzy-Serum"
  },
  {
    "id": 357910,
    "navigateUrl": "/Produkt/Serum/Fluff-Superfood-mleko-do-twarzy-Malina-40-ml,357910,9225",
    "name": "Superfood",
    "caption": "mleko do twarzy Malina",
    "unit": "40 ml",
    "brand": "FLUFF",
    "oldPrice": 34.99,
    "price": 23.99,
    "loyaltyPrice": null,
    "pricePerUnit": "100 ml = 59,98 z\u0142",
    "loyaltyPricePerUnit": null,
    "danNumber": null,
    "aGroupNrOld": null,
    "vat": 23,
    "height": 0,
    "width": 0,
    "depth": 0,
    "weight": 0,
    "category": "Twarz-Piel\u0119gnacja twarzy-Serum"
  },
  {
    "id": 357911,
    "navigateUrl": "/Produkt/Serum/Fluff-Superfood-mleko-do-twarzy-Zielona-Herbata-40-ml,357911,9225",
    "name": "Superfood",
    "caption": "mleko do twarzy Zielona Herbata",
    "unit": "40 ml",
    "brand": "FLUFF",
    "oldPrice": 34.99,
    "price": 23.99,
    "loyaltyPrice": null,
    "pricePerUnit": "100 ml = 59,98 z\u0142",
    "loyaltyPricePerUnit": null,
    "danNumber": null,
    "aGroupNrOld": null,
    "vat": 23,
    "height": 0,
    "width": 0,
    "depth": 0,
    "weight": 0,
    "category": "Twarz-Piel\u0119gnacja twarzy-Serum"
  },
  {
    "id": 357919,
    "navigateUrl": "/Produkt/Kremy-pod-oczy/Fluff-puszysty-krem-pod-oczy-15-ml,357919,9224",
    "name": null,
    "caption": "puszysty krem pod oczy",
    "unit": "15 ml",
    "brand": "FLUFF",
    "oldPrice": 39.99,
    "price": 25.99,
    "loyaltyPrice": null,
    "pricePerUnit": "100 ml = 173,27 z\u0142",
    "loyaltyPricePerUnit": null,
    "danNumber": null,
    "aGroupNrOld": null,
    "vat": 23,
    "height": 0,
    "width": 0,
    "depth": 0,
    "weight": 0,
    "category": "Twarz-Piel\u0119gnacja twarzy-Kremy pod oczy"
  },
  {
    "id": 379137,
    "navigateUrl": "/Produkt/Kremy-do-twarzy/Fluff-Superfood-nawilzajacy-krem-na-dzien-z-woda-brzozowa-50-ml,379137,9223",
    "name": "Superfood",
    "caption": "nawil\u017Caj\u0105cy krem na dzie\u0144 z wod\u0105 brzozow\u0105",
    "unit": "50 ml",
    "brand": "FLUFF",
    "oldPrice": 42.99,
    "price": 31.99,
    "loyaltyPrice": null,
    "pricePerUnit": "100 ml = 63,98 z\u0142",
    "loyaltyPricePerUnit": null,
    "danNumber": null,
    "aGroupNrOld": null,
    "vat": 23,
    "height": 0,
    "width": 0,
    "depth": 0,
    "weight": 0,
    "category": "Twarz-Piel\u0119gnacja twarzy-Kremy do twarzy"
  },
  {
    "id": 379135,
    "navigateUrl": "/Produkt/Kremy-do-twarzy/Fluff-Superfood-krem-z-filtrem-UV-SPF-50-50-ml,379135,9223",
    "name": "Superfood",
    "caption": "krem z filtrem UV, SPF 50",
    "unit": "50 ml",
    "brand": "FLUFF",
    "oldPrice": 44.99,
    "price": 33.99,
    "loyaltyPrice": null,
    "pricePerUnit": "100 ml = 67,98 z\u0142",
    "loyaltyPricePerUnit": null,
    "danNumber": null,
    "aGroupNrOld": null,
    "vat": 23,
    "height": 0,
    "width": 0,
    "depth": 0,
    "weight": 0,
    "category": "Twarz-Piel\u0119gnacja twarzy-Kremy do twarzy"
  },
  {
    "id": 357917,
    "navigateUrl": "/Produkt/Kremy-do-twarzy/Fluff-Superfood-krem-regenerujacy-na-noc-sleeping-cream-50-ml,357917,9223",
    "name": "Superfood",
    "caption": "krem regeneruj\u0105cy na noc, sleeping cream",
    "unit": "50 ml",
    "brand": "FLUFF",
    "oldPrice": 34.99,
    "price": 23.99,
    "loyaltyPrice": null,
    "pricePerUnit": "100 ml = 47,98 z\u0142",
    "loyaltyPricePerUnit": null,
    "danNumber": null,
    "aGroupNrOld": null,
    "vat": 23,
    "height": 0,
    "width": 0,
    "depth": 0,
    "weight": 0,
    "category": "Twarz-Piel\u0119gnacja twarzy-Kremy do twarzy"
  },
  {
    "id": 357918,
    "navigateUrl": "/Produkt/Kremy-do-twarzy/Fluff-Superfood-krem-energetyzujacy-na-dzien-morning-cappuccino-50-ml,357918,9223",
    "name": "Superfood",
    "caption": "krem energetyzuj\u0105cy na dzie\u0144, morning cappuccino",
    "unit": "50 ml",
    "brand": "FLUFF",
    "oldPrice": 34.99,
    "price": 23.99,
    "loyaltyPrice": null,
    "pricePerUnit": "100 ml = 47,98 z\u0142",
    "loyaltyPricePerUnit": null,
    "danNumber": null,
    "aGroupNrOld": null,
    "vat": 23,
    "height": 0,
    "width": 0,
    "depth": 0,
    "weight": 0,
    "category": "Twarz-Piel\u0119gnacja twarzy-Kremy do twarzy"
  },
  {
    "id": 244864,
    "navigateUrl": "/Produkt/Kremy-pod-oczy/Vianek-nawilzajacy-krem-pod-oczy-skora-sucha-i-wrazliwa-15-ml,244864,9224",
    "name": null,
    "caption": "nawil\u017Caj\u0105cy krem pod oczy sk\u00F3ra sucha i wra\u017Cliwa",
    "unit": "15 ml",
    "brand": "VIANEK",
    "oldPrice": 39.99,
    "price": 29.99,
    "loyaltyPrice": null,
    "pricePerUnit": "100 ml = 199,93 z\u0142",
    "loyaltyPricePerUnit": null,
    "danNumber": null,
    "aGroupNrOld": null,
    "vat": 23,
    "height": 0,
    "width": 0,
    "depth": 0,
    "weight": 0,
    "category": "Twarz-Piel\u0119gnacja twarzy-Kremy pod oczy"
  },
  {
    "id": 244862,
    "navigateUrl": "/Produkt/Kremy-do-twarzy/Vianek-krem-nawilzajacy-na-dzien-cera-sucha-i-wrazliwa-50-ml,244862,9223",
    "name": null,
    "caption": "krem nawil\u017Caj\u0105cy na dzie\u0144, cera sucha i wra\u017Cliwa",
    "unit": "50 ml",
    "brand": "VIANEK",
    "oldPrice": 35.99,
    "price": 26.99,
    "loyaltyPrice": null,
    "pricePerUnit": "100 ml = 53,98 z\u0142",
    "loyaltyPricePerUnit": null,
    "danNumber": null,
    "aGroupNrOld": null,
    "vat": 23,
    "height": 0,
    "width": 0,
    "depth": 0,
    "weight": 0,
    "category": "Twarz-Piel\u0119gnacja twarzy-Kremy do twarzy"
  },
  {
    "id": 244863,
    "navigateUrl": "/Produkt/Kremy-do-twarzy/Vianek-krem-intensywnie-nawilzajacy-na-noc-cera-sucha-i-wrazliwa-50-ml,244863,9223",
    "name": null,
    "caption": "krem intensywnie nawil\u017Caj\u0105cy na noc, cera sucha i wra\u017Cliwa",
    "unit": "50 ml",
    "brand": "VIANEK",
    "oldPrice": 35.99,
    "price": 26.99,
    "loyaltyPrice": null,
    "pricePerUnit": "100 ml = 53,98 z\u0142",
    "loyaltyPricePerUnit": null,
    "danNumber": null,
    "aGroupNrOld": null,
    "vat": 23,
    "height": 0,
    "width": 0,
    "depth": 0,
    "weight": 0,
    "category": "Twarz-Piel\u0119gnacja twarzy-Kremy do twarzy"
  },
  {
    "id": 382744,
    "navigateUrl": "/Produkt/Serum/Alterra-olejek-do-twarzy-i-wlosow-baobab-30-ml,382744,9225",
    "name": null,
    "caption": "olejek do twarzy i w\u0142os\u00F3w, baobab",
    "unit": "30 ml",
    "brand": "ALTERRA",
    "oldPrice": 31.99,
    "price": 23.99,
    "loyaltyPrice": null,
    "pricePerUnit": "100 ml = 79,97 z\u0142",
    "loyaltyPricePerUnit": null,
    "danNumber": null,
    "aGroupNrOld": null,
    "vat": 23,
    "height": 0,
    "width": 0,
    "depth": 0,
    "weight": 0,
    "category": "Twarz-Piel\u0119gnacja twarzy-Serum"
  },
  {
    "id": 366557,
    "navigateUrl": "/Produkt/Olejki-myjace/Alterra-czysty-olejek-arganowy-do-skory-i-wlosow-30-ml,366557,8693",
    "name": null,
    "caption": "czysty olejek arganowy do sk\u00F3ry i w\u0142os\u00F3w",
    "unit": "30 ml",
    "brand": "ALTERRA",
    "oldPrice": 31.99,
    "price": 23.99,
    "loyaltyPrice": null,
    "pricePerUnit": "100 ml = 79,97 z\u0142",
    "loyaltyPricePerUnit": null,
    "danNumber": null,
    "aGroupNrOld": null,
    "vat": 23,
    "height": 0,
    "width": 0,
    "depth": 0,
    "weight": 0,
    "category": "Twarz-Oczyszczanie i demakija\u017C-Olejki myj\u0105ce"
  },
  {
    "id": 199707,
    "navigateUrl": "/Produkt/Serum/Alterra-olejek-do-twarzy-granat-BIO-30-ml,199707,9225",
    "name": null,
    "caption": "olejek do twarzy granat BIO",
    "unit": "30 ml",
    "brand": "ALTERRA",
    "oldPrice": 14.99,
    "price": 11.29,
    "loyaltyPrice": null,
    "pricePerUnit": "100 ml = 37,63 z\u0142",
    "loyaltyPricePerUnit": null,
    "danNumber": null,
    "aGroupNrOld": null,
    "vat": 23,
    "height": 0,
    "width": 0,
    "depth": 0,
    "weight": 0,
    "category": "Twarz-Piel\u0119gnacja twarzy-Serum"
  },
  {
    "id": 285712,
    "navigateUrl": "/Produkt/Serum/Originals-olejek-pielegnacyjny-drzewo-herbaciane-10-ml,285712,9225",
    "name": null,
    "caption": "olejek piel\u0119gnacyjny drzewo herbaciane",
    "unit": "10 ml",
    "brand": "ORIGINALS",
    "oldPrice": 11.49,
    "price": 8.49,
    "loyaltyPrice": null,
    "pricePerUnit": "100 ml = 84,90 z\u0142",
    "loyaltyPricePerUnit": null,
    "danNumber": null,
    "aGroupNrOld": null,
    "vat": 23,
    "height": 0,
    "width": 0,
    "depth": 0,
    "weight": 0,
    "category": "Twarz-Piel\u0119gnacja twarzy-Serum"
  },
  {
    "id": 285707,
    "navigateUrl": "/Produkt/Kremy-do-twarzy/Originals-krem-na-dzien-aloe-vera-i-morela-100-ml,285707,9223",
    "name": null,
    "caption": "krem na dzie\u0144 aloe vera i morela",
    "unit": "100 ml",
    "brand": "ORIGINALS",
    "oldPrice": 9.99,
    "price": 7.49,
    "loyaltyPrice": null,
    "pricePerUnit": "100 ml = 7,49 z\u0142",
    "loyaltyPricePerUnit": null,
    "danNumber": null,
    "aGroupNrOld": null,
    "vat": 23,
    "height": 0,
    "width": 0,
    "depth": 0,
    "weight": 0,
    "category": "Twarz-Piel\u0119gnacja twarzy-Kremy do twarzy"
  },
  {
    "id": 285710,
    "navigateUrl": "/Produkt/Kremy-do-twarzy/Originals-krem-na-noc-aloe-vera-i-morela-100-ml,285710,9223",
    "name": null,
    "caption": "krem na noc aloe vera i morela",
    "unit": "100 ml",
    "brand": "ORIGINALS",
    "oldPrice": 9.99,
    "price": 7.49,
    "loyaltyPrice": null,
    "pricePerUnit": "100 ml = 7,49 z\u0142",
    "loyaltyPricePerUnit": null,
    "danNumber": null,
    "aGroupNrOld": null,
    "vat": 23,
    "height": 0,
    "width": 0,
    "depth": 0,
    "weight": 0,
    "category": "Twarz-Piel\u0119gnacja twarzy-Kremy do twarzy"
  },
  {
    "id": 285713,
    "navigateUrl": "/Produkt/Kremy-do-twarzy/Originals-krem-na-dzien-i-na-noc-z-drzewem-herbacianym-100-ml,285713,9223",
    "name": null,
    "caption": "krem na dzie\u0144 i na noc z drzewem herbacianym",
    "unit": "100 ml",
    "brand": "ORIGINALS",
    "oldPrice": 9.99,
    "price": 7.49,
    "loyaltyPrice": null,
    "pricePerUnit": "100 ml = 7,49 z\u0142",
    "loyaltyPricePerUnit": null,
    "danNumber": null,
    "aGroupNrOld": null,
    "vat": 23,
    "height": 0,
    "width": 0,
    "depth": 0,
    "weight": 0,
    "category": "Twarz-Piel\u0119gnacja twarzy-Kremy do twarzy"
  },
  {
    "id": 285721,
    "navigateUrl": "/Produkt/Kremy-do-twarzy/Originals-krem-pod-oczy-nawilzajacy-z-witamina-E-25-ml,285721,9223",
    "name": null,
    "caption": "krem pod oczy nawil\u017Caj\u0105cy z witamin\u0105 E",
    "unit": "25 ml",
    "brand": "ORIGINALS",
    "oldPrice": 6.99,
    "price": 5.49,
    "loyaltyPrice": null,
    "pricePerUnit": "100 ml = 21,96 z\u0142",
    "loyaltyPricePerUnit": null,
    "danNumber": null,
    "aGroupNrOld": null,
    "vat": 23,
    "height": 0,
    "width": 0,
    "depth": 0,
    "weight": 0,
    "category": "Twarz-Piel\u0119gnacja twarzy-Kremy do twarzy"
  },
  {
    "id": 31158,
    "navigateUrl": "/Produkt/Kremy-do-twarzy/AA-Cera-Wrazliwa-tlusty-krem-cera-sucha-i-normalna-50-ml,31158,9223",
    "name": "Cera Wra\u017Cliwa",
    "caption": "t\u0142usty krem cera sucha i normalna",
    "unit": "50 ml",
    "brand": "AA",
    "oldPrice": 15.99,
    "price": 12.99,
    "loyaltyPrice": null,
    "pricePerUnit": "100 ml = 25,98 z\u0142",
    "loyaltyPricePerUnit": null,
    "danNumber": null,
    "aGroupNrOld": null,
    "vat": 23,
    "height": 0,
    "width": 0,
    "depth": 0,
    "weight": 0,
    "category": "Twarz-Piel\u0119gnacja twarzy-Kremy do twarzy"
  },
  {
    "id": 13526,
    "navigateUrl": "/Produkt/Kremy-do-twarzy/AA-Cera-Wrazliwa-poltlusty-krem-cera-sucha-i-normalna-50-ml,13526,9223",
    "name": "Cera Wra\u017Cliwa",
    "caption": "p\u00F3\u0142t\u0142usty krem cera sucha i normalna",
    "unit": "50 ml",
    "brand": "AA",
    "oldPrice": 15.99,
    "price": 12.99,
    "loyaltyPrice": null,
    "pricePerUnit": "100 ml = 25,98 z\u0142",
    "loyaltyPricePerUnit": null,
    "danNumber": null,
    "aGroupNrOld": null,
    "vat": 23,
    "height": 0,
    "width": 0,
    "depth": 0,
    "weight": 0,
    "category": "Twarz-Piel\u0119gnacja twarzy-Kremy do twarzy"
  },
  {
    "id": 218969,
    "navigateUrl": "/Produkt/Kremy-do-twarzy/Nivea-Care-3w1-lekki-krem-odzywczy-kazdy-typ-cery-100-ml,218969,9223",
    "name": "Care 3w1",
    "caption": "lekki krem od\u017Cywczy ka\u017Cdy typ cery",
    "unit": "100 ml",
    "brand": "NIVEA",
    "oldPrice": 13.99,
    "price": 10.49,
    "loyaltyPrice": null,
    "pricePerUnit": "100 ml = 10,49 z\u0142",
    "loyaltyPricePerUnit": null,
    "danNumber": null,
    "aGroupNrOld": null,
    "vat": 23,
    "height": 0,
    "width": 0,
    "depth": 0,
    "weight": 0,
    "category": "Twarz-Piel\u0119gnacja twarzy-Kremy do twarzy"
  },
  {
    "id": 258999,
    "navigateUrl": "/Produkt/Kremy-do-twarzy/Nivea-Care-3w1-lekki-krem-lagodzacy-skora-sucha-i-wrazliwa-100-ml,258999,9223",
    "name": "Care 3w1",
    "caption": "lekki krem \u0142agodz\u0105cy, sk\u00F3ra sucha i wra\u017Cliwa",
    "unit": "100 ml",
    "brand": "NIVEA",
    "oldPrice": 13.99,
    "price": 10.49,
    "loyaltyPrice": null,
    "pricePerUnit": "100 ml = 10,49 z\u0142",
    "loyaltyPricePerUnit": null,
    "danNumber": null,
    "aGroupNrOld": null,
    "vat": 23,
    "height": 0,
    "width": 0,
    "depth": 0,
    "weight": 0,
    "category": "Twarz-Piel\u0119gnacja twarzy-Kremy do twarzy"
  },
  {
    "id": 31079,
    "navigateUrl": "/Produkt/Produkty-uniwersalne/Dove-Cream-krem-do-ciala-intensywnie-nawilzajacy-75-ml,31079,8830",
    "name": "Cream",
    "caption": "krem do cia\u0142a intensywnie nawil\u017Caj\u0105cy",
    "unit": "75 ml",
    "brand": "DOVE",
    "oldPrice": 8.99,
    "price": 6.69,
    "loyaltyPrice": null,
    "pricePerUnit": "100 ml = 8,92 z\u0142",
    "loyaltyPricePerUnit": null,
    "danNumber": null,
    "aGroupNrOld": null,
    "vat": 23,
    "height": 0,
    "width": 0,
    "depth": 0,
    "weight": 0,
    "category": "Cia\u0142o-Piel\u0119gnacja cia\u0142a-Produkty uniwersalne"
  },
  {
    "id": 40421,
    "navigateUrl": "/Produkt/Kremy-do-twarzy/Ziaja-naturalny-krem-oliwkowy-cera-sucha-i-normalna-200-ml,40421,9223",
    "name": null,
    "caption": "naturalny krem oliwkowy cera sucha i normalna",
    "unit": "200 ml",
    "brand": "ZIAJA",
    "oldPrice": 10.49,
    "price": 7.79,
    "loyaltyPrice": null,
    "pricePerUnit": "100 ml = 3,90 z\u0142",
    "loyaltyPricePerUnit": null,
    "danNumber": null,
    "aGroupNrOld": null,
    "vat": 23,
    "height": 0,
    "width": 0,
    "depth": 0,
    "weight": 0,
    "category": "Twarz-Piel\u0119gnacja twarzy-Kremy do twarzy"
  },
  {
    "id": 122785,
    "navigateUrl": "/Produkt/Kremy-do-twarzy/Ziaja-naturalny-krem-oliwkowy-przeciwzmarszczkowy-na-dzien-i-na-noc-30-50-ml,122785,9223",
    "name": null,
    "caption": "naturalny krem oliwkowy przeciwzmarszczkowy na dzie\u0144 i na noc, 30\u002B",
    "unit": "50 ml",
    "brand": "ZIAJA",
    "oldPrice": 8.99,
    "price": 7.99,
    "loyaltyPrice": null,
    "pricePerUnit": "100 ml = 15,98 z\u0142",
    "loyaltyPricePerUnit": null,
    "danNumber": null,
    "aGroupNrOld": null,
    "vat": 23,
    "height": 0,
    "width": 0,
    "depth": 0,
    "weight": 0,
    "category": "Twarz-Piel\u0119gnacja twarzy-Kremy do twarzy"
  },
  {
    "id": 13165,
    "navigateUrl": "/Produkt/Kremy-do-twarzy/Ziaja-naturalny-krem-oliwkowy-cera-sucha-i-normalna-50-ml,13165,9223",
    "name": null,
    "caption": "naturalny krem oliwkowy cera sucha i normalna",
    "unit": "50 ml",
    "brand": "ZIAJA",
    "oldPrice": 4.99,
    "price": 4.49,
    "loyaltyPrice": null,
    "pricePerUnit": "100 ml = 8,98 z\u0142",
    "loyaltyPricePerUnit": null,
    "danNumber": null,
    "aGroupNrOld": null,
    "vat": 23,
    "height": 0,
    "width": 0,
    "depth": 0,
    "weight": 0,
    "category": "Twarz-Piel\u0119gnacja twarzy-Kremy do twarzy"
  },
  {
    "id": 368118,
    "navigateUrl": "/Produkt/Plyny-micelarne/Onlybio-Kombucha-plyn-micelarny-matujacy-300-ml,368118,8770",
    "name": "Kombucha",
    "caption": "p\u0142yn micelarny matuj\u0105cy",
    "unit": "300 ml",
    "brand": "ONLYBIO",
    "oldPrice": 16.99,
    "price": 11.99,
    "loyaltyPrice": null,
    "pricePerUnit": "1 ml = 0,04 z\u0142",
    "loyaltyPricePerUnit": null,
    "danNumber": null,
    "aGroupNrOld": null,
    "vat": 23,
    "height": 0,
    "width": 0,
    "depth": 0,
    "weight": 0,
    "category": "Twarz-Oczyszczanie i demakija\u017C-P\u0142yny micelarne"
  },
  {
    "id": 368115,
    "navigateUrl": "/Produkt/Zele-i-pianki-do-twarzy/Onlybio-Kombucha-pianka-do-mycia-twarzy-150-ml,368115,8690",
    "name": "Kombucha",
    "caption": "pianka do mycia twarzy ",
    "unit": "150 ml",
    "brand": "ONLYBIO",
    "oldPrice": 19.99,
    "price": 13.99,
    "loyaltyPrice": null,
    "pricePerUnit": "1 ml = 0,09 z\u0142",
    "loyaltyPricePerUnit": null,
    "danNumber": null,
    "aGroupNrOld": null,
    "vat": 23,
    "height": 0,
    "width": 0,
    "depth": 0,
    "weight": 0,
    "category": "Twarz-Oczyszczanie i demakija\u017C-\u017Bele i pianki do twarzy"
  },
  {
    "id": 368116,
    "navigateUrl": "/Produkt/Peelingi-do-twarzy/Onlybio-Kombucha-peeling-do-twarzy-przeciw-zaskornikom-75-ml,368116,8695",
    "name": "Kombucha",
    "caption": "peeling do twarzy przeciw zask\u00F3rnikom",
    "unit": "75 ml",
    "brand": "ONLYBIO",
    "oldPrice": 16.99,
    "price": 11.99,
    "loyaltyPrice": null,
    "pricePerUnit": "1 ml = 0,16 z\u0142",
    "loyaltyPricePerUnit": null,
    "danNumber": null,
    "aGroupNrOld": null,
    "vat": 23,
    "height": 0,
    "width": 0,
    "depth": 0,
    "weight": 0,
    "category": "Twarz-Oczyszczanie i demakija\u017C-Peelingi do twarzy"
  },
  {
    "id": 368119,
    "navigateUrl": "/Produkt/Toniki-do-twarzy/Onlybio-Kombucha-tonik-antybakteryjny-300-ml,368119,8692",
    "name": "Kombucha",
    "caption": "tonik antybakteryjny",
    "unit": "300 ml",
    "brand": "ONLYBIO",
    "oldPrice": 16.99,
    "price": 11.99,
    "loyaltyPrice": null,
    "pricePerUnit": "1 ml = 0,04 z\u0142",
    "loyaltyPricePerUnit": null,
    "danNumber": null,
    "aGroupNrOld": null,
    "vat": 23,
    "height": 0,
    "width": 0,
    "depth": 0,
    "weight": 0,
    "category": "Twarz-Oczyszczanie i demakija\u017C-Toniki do twarzy"
  },
  {
    "id": 368120,
    "navigateUrl": "/Produkt/Kremy-do-twarzy/Onlybio-Kombucha-matujacy-krem-nawilzajacy-na-dzien-i-na-noc-50-ml,368120,9223",
    "name": "Kombucha",
    "caption": "matuj\u0105cy krem nawil\u017Caj\u0105cy na dzie\u0144 i na noc",
    "unit": "50 ml",
    "brand": "ONLYBIO",
    "oldPrice": 24.99,
    "price": 16.99,
    "loyaltyPrice": null,
    "pricePerUnit": "1 ml = 0,34 z\u0142",
    "loyaltyPricePerUnit": null,
    "danNumber": null,
    "aGroupNrOld": null,
    "vat": 23,
    "height": 0,
    "width": 0,
    "depth": 0,
    "weight": 0,
    "category": "Twarz-Piel\u0119gnacja twarzy-Kremy do twarzy"
  },
  {
    "id": 381859,
    "navigateUrl": "/Produkt/Plyny-micelarne/AA-My-Beauty-Power-Acne-normalizujacy-plyn-micelarny-200-ml,381859,8770",
    "name": "My Beauty Power Acne",
    "caption": "normalizuj\u0105cy p\u0142yn micelarny",
    "unit": "200 ml",
    "brand": "AA",
    "oldPrice": 19.99,
    "price": 14.99,
    "loyaltyPrice": null,
    "pricePerUnit": "100 ml = 7,50 z\u0142",
    "loyaltyPricePerUnit": null,
    "danNumber": null,
    "aGroupNrOld": null,
    "vat": 23,
    "height": 0,
    "width": 0,
    "depth": 0,
    "weight": 0,
    "category": "Twarz-Oczyszczanie i demakija\u017C-P\u0142yny micelarne"
  },
  {
    "id": 381860,
    "navigateUrl": "/Produkt/Zele-i-pianki-do-twarzy/AA-My-Beauty-Power-Acne-zluszczajaca-pianka-do-mycia-twarzy-150-ml,381860,8690",
    "name": "My Beauty Power Acne",
    "caption": "z\u0142uszczaj\u0105ca pianka do mycia twarzy",
    "unit": "150 ml",
    "brand": "AA",
    "oldPrice": 19.99,
    "price": 14.99,
    "loyaltyPrice": null,
    "pricePerUnit": "100 ml = 9,99 z\u0142",
    "loyaltyPricePerUnit": null,
    "danNumber": null,
    "aGroupNrOld": null,
    "vat": 23,
    "height": 0,
    "width": 0,
    "depth": 0,
    "weight": 0,
    "category": "Twarz-Oczyszczanie i demakija\u017C-\u017Bele i pianki do twarzy"
  },
  {
    "id": 381861,
    "navigateUrl": "/Produkt/Zele-i-pianki-do-twarzy/AA-My-Beauty-Power-Acne-oczyszczajacy-zel-do-mycia-twarzy-150-ml,381861,8690",
    "name": "My Beauty Power Acne",
    "caption": "oczyszczaj\u0105cy \u017Cel do mycia twarzy",
    "unit": "150 ml",
    "brand": "AA",
    "oldPrice": 17.99,
    "price": 13.99,
    "loyaltyPrice": null,
    "pricePerUnit": "100 ml = 9,33 z\u0142",
    "loyaltyPricePerUnit": null,
    "danNumber": null,
    "aGroupNrOld": null,
    "vat": 23,
    "height": 0,
    "width": 0,
    "depth": 0,
    "weight": 0,
    "category": "Twarz-Oczyszczanie i demakija\u017C-\u017Bele i pianki do twarzy"
  },
  {
    "id": 381862,
    "navigateUrl": "/Produkt/Peelingi-do-twarzy/AA-My-Beauty-Power-Acne-zluszczajacy-peeling-enzymatyczny-40-ml,381862,8695",
    "name": "My Beauty Power Acne",
    "caption": "z\u0142uszczaj\u0105cy peeling enzymatyczny",
    "unit": "40 ml",
    "brand": "AA",
    "oldPrice": 23.99,
    "price": 18.99,
    "loyaltyPrice": null,
    "pricePerUnit": "100 ml = 47,48 z\u0142",
    "loyaltyPricePerUnit": null,
    "danNumber": null,
    "aGroupNrOld": null,
    "vat": 23,
    "height": 0,
    "width": 0,
    "depth": 0,
    "weight": 0,
    "category": "Twarz-Oczyszczanie i demakija\u017C-Peelingi do twarzy"
  },
  {
    "id": 381858,
    "navigateUrl": "/Produkt/Toniki-do-twarzy/AA-My-Beauty-Power-Acne-zluszczajacy-tonik-cera-mieszana-tlusta-i-tradzikowa-200-ml,381858,8692",
    "name": "My Beauty Power Acne",
    "caption": "z\u0142uszczaj\u0105cy tonik, cera mieszana, t\u0142usta i tr\u0105dzikowa",
    "unit": "200 ml",
    "brand": "AA",
    "oldPrice": 19.99,
    "price": 14.99,
    "loyaltyPrice": null,
    "pricePerUnit": "100 ml = 7,50 z\u0142",
    "loyaltyPricePerUnit": null,
    "danNumber": null,
    "aGroupNrOld": null,
    "vat": 23,
    "height": 0,
    "width": 0,
    "depth": 0,
    "weight": 0,
    "category": "Twarz-Oczyszczanie i demakija\u017C-Toniki do twarzy"
  },
  {
    "id": 381857,
    "navigateUrl": "/Produkt/Serum/AA-My-Beauty-Power-Acne-serum-redukujace-niedoskonalosci-30-ml,381857,9225",
    "name": "My Beauty Power Acne",
    "caption": "serum redukuj\u0105ce niedoskona\u0142o\u015Bci",
    "unit": "30 ml",
    "brand": "AA",
    "oldPrice": 29.99,
    "price": 23.99,
    "loyaltyPrice": null,
    "pricePerUnit": "100 ml = 79,97 z\u0142",
    "loyaltyPricePerUnit": null,
    "danNumber": null,
    "aGroupNrOld": null,
    "vat": 23,
    "height": 0,
    "width": 0,
    "depth": 0,
    "weight": 0,
    "category": "Twarz-Piel\u0119gnacja twarzy-Serum"
  },
  {
    "id": 381856,
    "navigateUrl": "/Produkt/Kremy-do-twarzy/AA-My-Beauty-Power-Acne-korygujacy-krem-matujacy-na-dzien-cera-mieszana-i-tradzikowa-50-ml,381856,9223",
    "name": "My Beauty Power Acne",
    "caption": "koryguj\u0105cy krem matuj\u0105cy na dzie\u0144, cera mieszana i tr\u0105dzikowa",
    "unit": "50 ml",
    "brand": "AA",
    "oldPrice": 24.99,
    "price": 19.99,
    "loyaltyPrice": null,
    "pricePerUnit": "100 ml = 39,98 z\u0142",
    "loyaltyPricePerUnit": null,
    "danNumber": null,
    "aGroupNrOld": null,
    "vat": 23,
    "height": 0,
    "width": 0,
    "depth": 0,
    "weight": 0,
    "category": "Twarz-Piel\u0119gnacja twarzy-Kremy do twarzy"
  },
  {
    "id": 381855,
    "navigateUrl": "/Produkt/Kremy-do-twarzy/AA-My-Beauty-Power-Acne-regenerujacy-krem-kojacy-na-noc-cera-mieszana-i-tradzikowa-50-ml,381855,9223",
    "name": "My Beauty Power Acne",
    "caption": "regeneruj\u0105cy krem koj\u0105cy na noc, cera mieszana i tr\u0105dzikowa",
    "unit": "50 ml",
    "brand": "AA",
    "oldPrice": 24.99,
    "price": 19.99,
    "loyaltyPrice": null,
    "pricePerUnit": "100 ml = 39,98 z\u0142",
    "loyaltyPricePerUnit": null,
    "danNumber": null,
    "aGroupNrOld": null,
    "vat": 23,
    "height": 0,
    "width": 0,
    "depth": 0,
    "weight": 0,
    "category": "Twarz-Piel\u0119gnacja twarzy-Kremy do twarzy"
  },
  {
    "id": 344097,
    "navigateUrl": "/Produkt/Zele-i-pianki-do-twarzy/Under-Twenty-Anti-Acne-aktywna-pianka-detoksykujaca-cera-mieszana-i-tlusta-z-niedoskonalosciami-20,344097,8690",
    "name": "Anti Acne!",
    "caption": "aktywna pianka detoksykuj\u0105ca cera mieszana i t\u0142usta z niedoskona\u0142o\u015Bciami",
    "unit": "200 ml",
    "brand": "UNDER TWENTY",
    "oldPrice": 19.49,
    "price": 12.99,
    "loyaltyPrice": null,
    "pricePerUnit": "100 ml = 8,66 z\u0142",
    "loyaltyPricePerUnit": null,
    "danNumber": null,
    "aGroupNrOld": null,
    "vat": 23,
    "height": 0,
    "width": 0,
    "depth": 0,
    "weight": 0,
    "category": "Twarz-Oczyszczanie i demakija\u017C-\u017Bele i pianki do twarzy"
  },
  {
    "id": 344089,
    "navigateUrl": "/Produkt/Toniki-do-twarzy/Under-Twenty-Anti-Acne-oczyszczajacy-tonik-antybakteryjny-200-ml,344089,8692",
    "name": "Anti Acne!",
    "caption": "oczyszczaj\u0105cy tonik antybakteryjny",
    "unit": "200 ml",
    "brand": "UNDER TWENTY",
    "oldPrice": 16.99,
    "price": 10.99,
    "loyaltyPrice": null,
    "pricePerUnit": "100 ml = 5,50 z\u0142",
    "loyaltyPricePerUnit": null,
    "danNumber": null,
    "aGroupNrOld": null,
    "vat": 23,
    "height": 0,
    "width": 0,
    "depth": 0,
    "weight": 0,
    "category": "Twarz-Oczyszczanie i demakija\u017C-Toniki do twarzy"
  },
  {
    "id": 357296,
    "navigateUrl": "/Produkt/Zele-i-pianki-do-twarzy/Under-Twenty-Anti-Acne-pianka-do-mycia-twarzy-o-dzialaniu-antybakteryjnym-150-ml,357296,8690",
    "name": "Anti Acne!",
    "caption": "pianka do mycia twarzy o dzia\u0142aniu antybakteryjnym",
    "unit": "150 ml",
    "brand": "UNDER TWENTY",
    "oldPrice": 17.99,
    "price": 11.99,
    "loyaltyPrice": null,
    "pricePerUnit": "100 ml = 7,99 z\u0142",
    "loyaltyPricePerUnit": null,
    "danNumber": null,
    "aGroupNrOld": null,
    "vat": 23,
    "height": 0,
    "width": 0,
    "depth": 0,
    "weight": 0,
    "category": "Twarz-Oczyszczanie i demakija\u017C-\u017Bele i pianki do twarzy"
  },
  {
    "id": 331516,
    "navigateUrl": "/Produkt/Zele-i-pianki-do-twarzy/Under-Twenty-antybakteryjny-zel-lagodzacy-do-mycia-twarzy-cera-wrazliwa-z-niedoskonalosciami-190-m,331516,8690",
    "name": null,
    "caption": "antybakteryjny \u017Cel \u0142agodz\u0105cy do mycia twarzy, cera wra\u017Cliwa z niedoskona\u0142o\u015Bciami",
    "unit": "190 ml",
    "brand": "UNDER TWENTY",
    "oldPrice": 16.99,
    "price": 10.99,
    "loyaltyPrice": null,
    "pricePerUnit": "100 ml = 5,78 z\u0142",
    "loyaltyPricePerUnit": null,
    "danNumber": null,
    "aGroupNrOld": null,
    "vat": 23,
    "height": 0,
    "width": 0,
    "depth": 0,
    "weight": 0,
    "category": "Twarz-Oczyszczanie i demakija\u017C-\u017Bele i pianki do twarzy"
  },
  {
    "id": 358495,
    "navigateUrl": "/Produkt/Peelingi-do-twarzy/Under-Twenty-Anti-Acne-enzymatyczny-peeling-antybakteryjny-papaina-biala-glinka-zielone-mango-75-m,358495,8695",
    "name": "Anti Acne!",
    "caption": "enzymatyczny peeling antybakteryjny papaina, bia\u0142a glinka, zielone mango",
    "unit": "75 ml",
    "brand": "UNDER TWENTY",
    "oldPrice": 19.99,
    "price": 14.99,
    "loyaltyPrice": null,
    "pricePerUnit": "100 ml = 19,99 z\u0142",
    "loyaltyPricePerUnit": null,
    "danNumber": null,
    "aGroupNrOld": null,
    "vat": 23,
    "height": 0,
    "width": 0,
    "depth": 0,
    "weight": 0,
    "category": "Twarz-Oczyszczanie i demakija\u017C-Peelingi do twarzy"
  },
  {
    "id": 357295,
    "navigateUrl": "/Produkt/Toniki-do-twarzy/Under-Twenty-Anti-Acne-matujacy-tonik-antybakteryjny-przeciw-zaskornikom-200-ml,357295,8692",
    "name": "Anti Acne!",
    "caption": "matuj\u0105cy tonik antybakteryjny przeciw zask\u00F3rnikom",
    "unit": "200 ml",
    "brand": "UNDER TWENTY",
    "oldPrice": 14.99,
    "price": 9.99,
    "loyaltyPrice": null,
    "pricePerUnit": "100 ml = 5,00 z\u0142",
    "loyaltyPricePerUnit": null,
    "danNumber": null,
    "aGroupNrOld": null,
    "vat": 23,
    "height": 0,
    "width": 0,
    "depth": 0,
    "weight": 0,
    "category": "Twarz-Oczyszczanie i demakija\u017C-Toniki do twarzy"
  },
  {
    "id": 344086,
    "navigateUrl": "/Produkt/Toniki-do-twarzy/Under-Twenty-Anti-Acne-prebiotyczny-tonik-w-mgielce-cera-wrazliwa-z-niedoskonalosciami-200-ml,344086,8692",
    "name": "Anti Acne!",
    "caption": "prebiotyczny tonik w mgie\u0142ce cera wra\u017Cliwa z niedoskona\u0142o\u015Bciami",
    "unit": "200 ml",
    "brand": "UNDER TWENTY",
    "oldPrice": 16.99,
    "price": 10.99,
    "loyaltyPrice": null,
    "pricePerUnit": "100 ml = 5,50 z\u0142",
    "loyaltyPricePerUnit": null,
    "danNumber": null,
    "aGroupNrOld": null,
    "vat": 23,
    "height": 0,
    "width": 0,
    "depth": 0,
    "weight": 0,
    "category": "Twarz-Oczyszczanie i demakija\u017C-Toniki do twarzy"
  },
  {
    "id": 378926,
    "navigateUrl": "/Produkt/Peelingi-do-twarzy/Under-Twenty-Anti-Acne-peeling-maska-do-twarzy-2w1-130-ml,378926,8695",
    "name": "Anti Acne!",
    "caption": "peeling \u002B maska do twarzy 2w1",
    "unit": "130 ml",
    "brand": "UNDER TWENTY",
    "oldPrice": 17.99,
    "price": 11.99,
    "loyaltyPrice": null,
    "pricePerUnit": "100 ml = 9,22 z\u0142",
    "loyaltyPricePerUnit": null,
    "danNumber": null,
    "aGroupNrOld": null,
    "vat": 23,
    "height": 0,
    "width": 0,
    "depth": 0,
    "weight": 0,
    "category": "Twarz-Oczyszczanie i demakija\u017C-Peelingi do twarzy"
  },
  {
    "id": 344101,
    "navigateUrl": "/Produkt/Zele-i-pianki-do-twarzy/Under-Twenty-pasta-myjaca-do-kaprysnej-cery-zielona-glinka-150-ml,344101,8690",
    "name": null,
    "caption": "pasta myj\u0105ca do kapry\u015Bnej cery, zielona glinka",
    "unit": "150 ml",
    "brand": "UNDER TWENTY",
    "oldPrice": 16.49,
    "price": 10.99,
    "loyaltyPrice": null,
    "pricePerUnit": "100 ml = 7,33 z\u0142",
    "loyaltyPricePerUnit": null,
    "danNumber": null,
    "aGroupNrOld": null,
    "vat": 23,
    "height": 0,
    "width": 0,
    "depth": 0,
    "weight": 0,
    "category": "Twarz-Oczyszczanie i demakija\u017C-\u017Bele i pianki do twarzy"
  },
  {
    "id": 121841,
    "navigateUrl": "/Produkt/Kremy-bb-i-cc/Under-Twenty-Anti-Acne-krem-BB-matujacy-o-dzialaniu-antybakteryjnym-nr-01-Jasny-60-ml,121841,8551",
    "name": "Anti Acne!",
    "caption": "krem BB matuj\u0105cy o dzia\u0142aniu antybakteryjnym nr 01 Jasny",
    "unit": "60 ml",
    "brand": "UNDER TWENTY",
    "oldPrice": 16.49,
    "price": 10.99,
    "loyaltyPrice": null,
    "pricePerUnit": "100 ml = 18,32 z\u0142",
    "loyaltyPricePerUnit": null,
    "danNumber": null,
    "aGroupNrOld": null,
    "vat": 23,
    "height": 0,
    "width": 0,
    "depth": 0,
    "weight": 0,
    "category": "Makija\u017C-Twarz-Kremy bb i cc---"
  },
  {
    "id": 178299,
    "navigateUrl": "/Produkt/Kremy-bb-i-cc/Under-Twenty-Anti-Acne-krem-BB-matujacy-o-dzialaniu-antybakteryjnym-nr-02-Naturalny-60-ml,178299,8551",
    "name": "Anti Acne!",
    "caption": "krem BB matuj\u0105cy o dzia\u0142aniu antybakteryjnym nr 02 Naturalny",
    "unit": "60 ml",
    "brand": "UNDER TWENTY",
    "oldPrice": 16.49,
    "price": 10.99,
    "loyaltyPrice": null,
    "pricePerUnit": "100 ml = 18,32 z\u0142",
    "loyaltyPricePerUnit": null,
    "danNumber": null,
    "aGroupNrOld": null,
    "vat": 23,
    "height": 0,
    "width": 0,
    "depth": 0,
    "weight": 0,
    "category": "Makija\u017C-Twarz-Kremy bb i cc---"
  },
  {
    "id": 319640,
    "navigateUrl": "/Produkt/Kremy-do-twarzy/Isana-krem-rozjasniajacy-przebarwienia-50-ml,319640,9223",
    "name": null,
    "caption": "krem rozja\u015Bniaj\u0105cy przebarwienia",
    "unit": "50 ml",
    "brand": "ISANA",
    "oldPrice": 18.49,
    "price": 12.99,
    "loyaltyPrice": null,
    "pricePerUnit": "100 ml = 25,98 z\u0142",
    "loyaltyPricePerUnit": null,
    "danNumber": null,
    "aGroupNrOld": null,
    "vat": 23,
    "height": 0,
    "width": 0,
    "depth": 0,
    "weight": 0,
    "category": "Twarz-Piel\u0119gnacja twarzy-Kremy do twarzy"
  },
  {
    "id": 258516,
    "navigateUrl": "/Produkt/Maseczki/Multi-BioMask-gleboko-oczyszczajace-plastry-na-nos-6-szt,258516,9226",
    "name": null,
    "caption": "g\u0142\u0119boko oczyszczaj\u0105ce plastry na nos",
    "unit": "6 szt.",
    "brand": "MULTI BIOMASK",
    "oldPrice": 14.99,
    "price": 10.49,
    "loyaltyPrice": null,
    "pricePerUnit": "1 szt. = 1,75 z\u0142",
    "loyaltyPricePerUnit": null,
    "danNumber": null,
    "aGroupNrOld": null,
    "vat": 23,
    "height": 0,
    "width": 0,
    "depth": 0,
    "weight": 0,
    "category": "Twarz-Piel\u0119gnacja twarzy-Maseczki"
  },
  {
    "id": 288117,
    "navigateUrl": "/Produkt/Maseczki/Bielenda-Carbo-Detox-weglowe-plastry-na-nos-2-szt,288117,9226",
    "name": "Carbo Detox",
    "caption": "w\u0119glowe plastry na nos",
    "unit": "2 szt.",
    "brand": "BIELENDA",
    "oldPrice": 8.99,
    "price": 6.49,
    "loyaltyPrice": null,
    "pricePerUnit": "1 szt. = 3,25 z\u0142",
    "loyaltyPricePerUnit": null,
    "danNumber": null,
    "aGroupNrOld": null,
    "vat": 23,
    "height": 0,
    "width": 0,
    "depth": 0,
    "weight": 0,
    "category": "Twarz-Piel\u0119gnacja twarzy-Maseczki"
  },
  {
    "id": 368117,
    "navigateUrl": "/Produkt/Maseczki/Onlybio-Kombucha-maseczka-wygladzajaca-przeciw-niedoskonalosciom-50-ml,368117,9226",
    "name": "Kombucha",
    "caption": "maseczka wyg\u0142adzaj\u0105ca przeciw niedoskona\u0142o\u015Bciom",
    "unit": "50 ml",
    "brand": "ONLYBIO",
    "oldPrice": 16.99,
    "price": 11.99,
    "loyaltyPrice": null,
    "pricePerUnit": "1 ml = 0,24 z\u0142",
    "loyaltyPricePerUnit": null,
    "danNumber": null,
    "aGroupNrOld": null,
    "vat": 23,
    "height": 0,
    "width": 0,
    "depth": 0,
    "weight": 0,
    "category": "Twarz-Piel\u0119gnacja twarzy-Maseczki"
  },
  {
    "id": 313629,
    "navigateUrl": "/Produkt/Maseczki/Dermaglin-Natura-dla-Skory-maseczka-gwizdz-na-pryszcz-20-g,313629,9226",
    "name": "Natura dla Sk\u00F3ry",
    "caption": "maseczka gwi\u017Cd\u017C na pryszcz",
    "unit": "20 g",
    "brand": "DERMAGLIN",
    "oldPrice": 7.29,
    "price": 5.49,
    "loyaltyPrice": null,
    "pricePerUnit": "100 g = 27,45 z\u0142",
    "loyaltyPricePerUnit": null,
    "danNumber": null,
    "aGroupNrOld": null,
    "vat": 23,
    "height": 0,
    "width": 0,
    "depth": 0,
    "weight": 0,
    "category": "Twarz-Piel\u0119gnacja twarzy-Maseczki"
  },
  {
    "id": 379788,
    "navigateUrl": "/Produkt/Plyny-micelarne/Christian-Laurent-Royal-Flowers-plyn-micelarny-z-woda-rozana-i-krolewska-peonia-500-ml,379788,8770",
    "name": "Royal Flowers",
    "caption": "p\u0142yn micelarny z wod\u0105 r\u00F3\u017Can\u0105 i kr\u00F3lewsk\u0105 peoni\u0105",
    "unit": "500 ml",
    "brand": "CHRISTIAN LAURENT",
    "oldPrice": 24.99,
    "price": 17.99,
    "loyaltyPrice": null,
    "pricePerUnit": "100 ml = 3,60 z\u0142",
    "loyaltyPricePerUnit": null,
    "danNumber": null,
    "aGroupNrOld": null,
    "vat": 23,
    "height": 0,
    "width": 0,
    "depth": 0,
    "weight": 0,
    "category": "Twarz-Oczyszczanie i demakija\u017C-P\u0142yny micelarne"
  },
  {
    "id": 382720,
    "navigateUrl": "/Produkt/Serum/Tolpa-black-from-nature-serum-booster-pod-krem-wygladzajacy-zmarszczki-z-komorkami-macierzystymi-75,382720,9225",
    "name": "black from nature",
    "caption": "serum-booster pod krem wyg\u0142adzaj\u0105cy zmarszczki z kom\u00F3rkami macierzystymi",
    "unit": "75 ml",
    "brand": "TO\u0141PA",
    "oldPrice": 54.99,
    "price": 40.99,
    "loyaltyPrice": null,
    "pricePerUnit": "100 ml = 54,65 z\u0142",
    "loyaltyPricePerUnit": null,
    "danNumber": null,
    "aGroupNrOld": null,
    "vat": 23,
    "height": 0,
    "width": 0,
    "depth": 0,
    "weight": 0,
    "category": "Twarz-Piel\u0119gnacja twarzy-Serum"
  },
  {
    "id": 382719,
    "navigateUrl": "/Produkt/Kremy-pod-oczy/Tolpa-black-from-nature-krem-pod-oczy-wygladzajacy-zmarszczki-z-komorkami-macierzystymi-10-ml,382719,9224",
    "name": "black from nature",
    "caption": "krem pod oczy wyg\u0142adzaj\u0105cy zmarszczki z kom\u00F3rkami macierzystymi",
    "unit": "10 ml",
    "brand": "TO\u0141PA",
    "oldPrice": 44.99,
    "price": 32.99,
    "loyaltyPrice": null,
    "pricePerUnit": "100 ml = 329,90 z\u0142",
    "loyaltyPricePerUnit": null,
    "danNumber": null,
    "aGroupNrOld": null,
    "vat": 23,
    "height": 0,
    "width": 0,
    "depth": 0,
    "weight": 0,
    "category": "Twarz-Piel\u0119gnacja twarzy-Kremy pod oczy"
  },
  {
    "id": 382722,
    "navigateUrl": "/Produkt/Kremy-do-twarzy/Tolpa-black-from-nature-krem-wygladzajacy-zmarszczki-z-komorkami-macierzystymi-na-dzien-50-ml,382722,9223",
    "name": "black from nature",
    "caption": "krem wyg\u0142adzaj\u0105cy zmarszczki z kom\u00F3rkami macierzystymi na dzie\u0144",
    "unit": "50 ml",
    "brand": "TO\u0141PA",
    "oldPrice": 54.99,
    "price": 40.99,
    "loyaltyPrice": null,
    "pricePerUnit": "100 ml = 81,98 z\u0142",
    "loyaltyPricePerUnit": null,
    "danNumber": null,
    "aGroupNrOld": null,
    "vat": 23,
    "height": 0,
    "width": 0,
    "depth": 0,
    "weight": 0,
    "category": "Twarz-Piel\u0119gnacja twarzy-Kremy do twarzy"
  },
  {
    "id": 382721,
    "navigateUrl": "/Produkt/Kremy-do-twarzy/Tolpa-black-from-nature-krem-wygladzajacy-zmarszczki-z-komorkami-macierzystymi-na-dzien-50-ml,382721,9223",
    "name": "black from nature",
    "caption": "krem wyg\u0142adzaj\u0105cy zmarszczki z kom\u00F3rkami macierzystymi na dzie\u0144",
    "unit": "50 ml",
    "brand": "TO\u0141PA",
    "oldPrice": 54.99,
    "price": 40.99,
    "loyaltyPrice": null,
    "pricePerUnit": "100 ml = 81,98 z\u0142",
    "loyaltyPricePerUnit": null,
    "danNumber": null,
    "aGroupNrOld": null,
    "vat": 23,
    "height": 0,
    "width": 0,
    "depth": 0,
    "weight": 0,
    "category": "Twarz-Piel\u0119gnacja twarzy-Kremy do twarzy"
  },
  {
    "id": 382723,
    "navigateUrl": "/Produkt/Kremy-do-twarzy/Tolpa-black-from-nature-krem-wygladzajacy-zmarszczki-z-komorkami-macierzystymi-na-noc-50-ml,382723,9223",
    "name": "black from nature",
    "caption": "krem wyg\u0142adzaj\u0105cy zmarszczki z kom\u00F3rkami macierzystymi na noc",
    "unit": "50 ml",
    "brand": "TO\u0141PA",
    "oldPrice": 54.99,
    "price": 40.99,
    "loyaltyPrice": null,
    "pricePerUnit": "100 ml = 81,98 z\u0142",
    "loyaltyPricePerUnit": null,
    "danNumber": null,
    "aGroupNrOld": null,
    "vat": 23,
    "height": 0,
    "width": 0,
    "depth": 0,
    "weight": 0,
    "category": "Twarz-Piel\u0119gnacja twarzy-Kremy do twarzy"
  },
  {
    "id": 286786,
    "navigateUrl": "/Produkt/Serum/LOreal-Paris-Hydra-Genius-Aloe-Water-plynna-pielegnacja-nawilzajaca-do-skory-suchej-i-wrazliwej-70,286786,9225",
    "name": "Hydra Genius Aloe Water",
    "caption": "p\u0142ynna piel\u0119gnacja nawil\u017Caj\u0105ca do sk\u00F3ry suchej i wra\u017Cliwej",
    "unit": "70 ml",
    "brand": "L\u0027OR\u00C9AL PARIS",
    "oldPrice": 42.99,
    "price": 31.99,
    "loyaltyPrice": null,
    "pricePerUnit": "100 ml = 45,70 z\u0142",
    "loyaltyPricePerUnit": null,
    "danNumber": null,
    "aGroupNrOld": null,
    "vat": 23,
    "height": 0,
    "width": 0,
    "depth": 0,
    "weight": 0,
    "category": "Twarz-Piel\u0119gnacja twarzy-Serum"
  },
  {
    "id": 286789,
    "navigateUrl": "/Produkt/Serum/LOreal-Paris-Hydra-Genius-Aloe-Water-plynna-pielegnacja-nawilzajaca-do-skory-normalnej-i-suchej-70,286789,9225",
    "name": "Hydra Genius Aloe Water",
    "caption": "p\u0142ynna piel\u0119gnacja nawil\u017Caj\u0105ca do sk\u00F3ry normalnej i suchej",
    "unit": "70 ml",
    "brand": "L\u0027OR\u00C9AL PARIS",
    "oldPrice": 42.99,
    "price": 31.99,
    "loyaltyPrice": null,
    "pricePerUnit": "100 ml = 45,70 z\u0142",
    "loyaltyPricePerUnit": null,
    "danNumber": null,
    "aGroupNrOld": null,
    "vat": 23,
    "height": 0,
    "width": 0,
    "depth": 0,
    "weight": 0,
    "category": "Twarz-Piel\u0119gnacja twarzy-Serum"
  },
  {
    "id": 322675,
    "navigateUrl": "/Produkt/Plyny-micelarne/Janda-hipoalergiczny-plyn-micelarny-do-demakijazu-twarzy-oczu-i-ust-400-ml,322675,8770",
    "name": null,
    "caption": "hipoalergiczny p\u0142yn micelarny do demakija\u017Cu twarzy, oczu i ust",
    "unit": "400 ml",
    "brand": "JANDA",
    "oldPrice": 19.99,
    "price": 14.99,
    "loyaltyPrice": null,
    "pricePerUnit": "100 ml = 3,75 z\u0142",
    "loyaltyPricePerUnit": null,
    "danNumber": null,
    "aGroupNrOld": null,
    "vat": 23,
    "height": 0,
    "width": 0,
    "depth": 0,
    "weight": 0,
    "category": "Twarz-Oczyszczanie i demakija\u017C-P\u0142yny micelarne"
  },
  {
    "id": 286792,
    "navigateUrl": "/Produkt/Serum/LOreal-Paris-Hydra-Genius-Aloe-Water-plynna-pielegnacja-nawilzajaca-do-skory-normalnej-i-mieszanej,286792,9225",
    "name": "Hydra Genius Aloe Water",
    "caption": "p\u0142ynna piel\u0119gnacja nawil\u017Caj\u0105ca do sk\u00F3ry normalnej i mieszanej",
    "unit": "70 ml",
    "brand": "L\u0027OR\u00C9AL PARIS",
    "oldPrice": 42.99,
    "price": 31.99,
    "loyaltyPrice": null,
    "pricePerUnit": "100 ml = 45,70 z\u0142",
    "loyaltyPricePerUnit": null,
    "danNumber": null,
    "aGroupNrOld": null,
    "vat": 23,
    "height": 0,
    "width": 0,
    "depth": 0,
    "weight": 0,
    "category": "Twarz-Piel\u0119gnacja twarzy-Serum"
  },
  {
    "id": 343425,
    "navigateUrl": "/Produkt/Kremy-do-twarzy/Vianek-krem-wzmacniajacy-na-dzien-cera-naczynkowa-50-ml,343425,9223",
    "name": null,
    "caption": "krem wzmacniaj\u0105cy na dzie\u0144, cera naczynkowa",
    "unit": "50 ml",
    "brand": "VIANEK",
    "oldPrice": 38.99,
    "price": 28.99,
    "loyaltyPrice": null,
    "pricePerUnit": "100 ml = 57,98 z\u0142",
    "loyaltyPricePerUnit": null,
    "danNumber": null,
    "aGroupNrOld": null,
    "vat": 23,
    "height": 0,
    "width": 0,
    "depth": 0,
    "weight": 0,
    "category": "Twarz-Piel\u0119gnacja twarzy-Kremy do twarzy"
  },
  {
    "id": 343437,
    "navigateUrl": "/Produkt/Kremy-do-twarzy/Vianek-krem-wzmacniajacy-na-noc-cera-naczynkowa-50-ml,343437,9223",
    "name": null,
    "caption": "krem wzmacniaj\u0105cy na noc, cera naczynkowa",
    "unit": "50 ml",
    "brand": "VIANEK",
    "oldPrice": 38.99,
    "price": 28.99,
    "loyaltyPrice": null,
    "pricePerUnit": "100 ml = 57,98 z\u0142",
    "loyaltyPricePerUnit": null,
    "danNumber": null,
    "aGroupNrOld": null,
    "vat": 23,
    "height": 0,
    "width": 0,
    "depth": 0,
    "weight": 0,
    "category": "Twarz-Piel\u0119gnacja twarzy-Kremy do twarzy"
  },
  {
    "id": 259706,
    "navigateUrl": "/Produkt/Kremy-do-twarzy/Vianek-krem-normalizujacy-na-dzien-cera-tlusta-i-normalna-50-ml,259706,9223",
    "name": null,
    "caption": "krem normalizuj\u0105cy na dzie\u0144, cera t\u0142usta i normalna",
    "unit": "50 ml",
    "brand": "VIANEK",
    "oldPrice": 34.99,
    "price": 25.99,
    "loyaltyPrice": null,
    "pricePerUnit": "100 ml = 51,98 z\u0142",
    "loyaltyPricePerUnit": null,
    "danNumber": null,
    "aGroupNrOld": null,
    "vat": 23,
    "height": 0,
    "width": 0,
    "depth": 0,
    "weight": 0,
    "category": "Twarz-Piel\u0119gnacja twarzy-Kremy do twarzy"
  },
  {
    "id": 372612,
    "navigateUrl": "/Produkt/Plyny-micelarne/Bielenda-Royal-Bee-Elixir-kojacy-plyn-micelarny-500-ml,372612,8770",
    "name": "Royal Bee Elixir",
    "caption": "koj\u0105cy p\u0142yn micelarny",
    "unit": "500 ml",
    "brand": "BIELENDA",
    "oldPrice": 20.99,
    "price": 15.99,
    "loyaltyPrice": null,
    "pricePerUnit": "100 ml = 3,20 z\u0142",
    "loyaltyPricePerUnit": null,
    "danNumber": null,
    "aGroupNrOld": null,
    "vat": 23,
    "height": 0,
    "width": 0,
    "depth": 0,
    "weight": 0,
    "category": "Twarz-Oczyszczanie i demakija\u017C-P\u0142yny micelarne"
  },
  {
    "id": 259707,
    "navigateUrl": "/Produkt/Kremy-do-twarzy/Vianek-krem-normalizujacy-na-noc-cera-tlusta-i-normalna-50-ml,259707,9223",
    "name": null,
    "caption": "krem normalizuj\u0105cy na noc, cera t\u0142usta i normalna",
    "unit": "50 ml",
    "brand": "VIANEK",
    "oldPrice": 34.99,
    "price": 25.99,
    "loyaltyPrice": null,
    "pricePerUnit": "100 ml = 51,98 z\u0142",
    "loyaltyPricePerUnit": null,
    "danNumber": null,
    "aGroupNrOld": null,
    "vat": 23,
    "height": 0,
    "width": 0,
    "depth": 0,
    "weight": 0,
    "category": "Twarz-Piel\u0119gnacja twarzy-Kremy do twarzy"
  },
  {
    "id": 249084,
    "navigateUrl": "/Produkt/Kremy-pod-oczy/Vianek-odzywczy-krem-pod-oczy-kazdy-rodzaj-skory-15-ml,249084,9224",
    "name": null,
    "caption": "od\u017Cywczy krem pod oczy ka\u017Cdy rodzaj sk\u00F3ry",
    "unit": "15 ml",
    "brand": "VIANEK",
    "oldPrice": 29.99,
    "price": 22.49,
    "loyaltyPrice": null,
    "pricePerUnit": "100 ml = 149,93 z\u0142",
    "loyaltyPricePerUnit": null,
    "danNumber": null,
    "aGroupNrOld": null,
    "vat": 23,
    "height": 0,
    "width": 0,
    "depth": 0,
    "weight": 0,
    "category": "Twarz-Piel\u0119gnacja twarzy-Kremy pod oczy"
  }
]