[
  {
    "id": 250869,
    "navigateUrl": "/Produkt/Kremy-do-twarzy/LOreal-Paris-Age-Perfect-Zloty-Wiek-rozany-krem-wzmacniajacy-na-dzien-skora-dojrzala-i-pozbawiona-,250869,9223",
    "name": "Age Perfect Z\u0142oty Wiek",
    "caption": "r\u00F3\u017Cany krem wzmacniaj\u0105cy na dzie\u0144, sk\u00F3ra dojrza\u0142a i pozbawiona blasku, 60\u002B",
    "unit": "50 ml",
    "brand": "L\u0027OR\u00C9AL PARIS",
    "oldPrice": 59.99,
    "price": 43.99,
    "loyaltyPrice": null,
    "pricePerUnit": "100 ml = 87,98 z\u0142",
    "loyaltyPricePerUnit": null,
    "danNumber": null,
    "aGroupNrOld": null,
    "vat": 23,
    "height": 0,
    "width": 0,
    "depth": 0,
    "weight": 0,
    "category": "Twarz-Piel\u0119gnacja twarzy-Kremy do twarzy"
  },
  {
    "id": 250871,
    "navigateUrl": "/Produkt/Kremy-do-twarzy/LOreal-Paris-Age-Perfect-Zloty-Wiek-bogaty-krem-wzmacniajacy-na-noc-skora-dojrzala-60-50-ml,250871,9223",
    "name": "Age Perfect Z\u0142oty Wiek",
    "caption": "bogaty krem wzmacniaj\u0105cy na noc, sk\u00F3ra dojrza\u0142a, 60\u002B",
    "unit": "50 ml",
    "brand": "L\u0027OR\u00C9AL PARIS",
    "oldPrice": 59.99,
    "price": 43.99,
    "loyaltyPrice": null,
    "pricePerUnit": "100 ml = 87,98 z\u0142",
    "loyaltyPricePerUnit": null,
    "danNumber": null,
    "aGroupNrOld": null,
    "vat": 23,
    "height": 0,
    "width": 0,
    "depth": 0,
    "weight": 0,
    "category": "Twarz-Piel\u0119gnacja twarzy-Kremy do twarzy"
  },
  {
    "id": 327274,
    "navigateUrl": "/Produkt/Serum/Nivea-Q10-Power-przeciwzmarszczkowy-multifunkcyjny-olejek-pielegnujacy-30-ml,327274,9225",
    "name": "Q10 Power",
    "caption": "przeciwzmarszczkowy, multifunkcyjny olejek piel\u0119gnuj\u0105cy",
    "unit": "30 ml",
    "brand": "NIVEA",
    "oldPrice": 67.99,
    "price": 49.99,
    "loyaltyPrice": null,
    "pricePerUnit": "100 ml = 166,63 z\u0142",
    "loyaltyPricePerUnit": null,
    "danNumber": null,
    "aGroupNrOld": null,
    "vat": 23,
    "height": 0,
    "width": 0,
    "depth": 0,
    "weight": 0,
    "category": "Twarz-Piel\u0119gnacja twarzy-Serum"
  },
  {
    "id": 327268,
    "navigateUrl": "/Produkt/Kremy-do-twarzy/Nivea-Q10-Power-przeciwzmarszczkowy-krem-odzywiajacy-na-dzien-cera-dojrzala-i-wymagajaca-50-ml,327268,9223",
    "name": "Q10 Power",
    "caption": "przeciwzmarszczkowy krem od\u017Cywiaj\u0105cy na dzie\u0144, cera dojrza\u0142a i wymagaj\u0105ca",
    "unit": "50 ml",
    "brand": "NIVEA",
    "oldPrice": 58.99,
    "price": 38.99,
    "loyaltyPrice": null,
    "pricePerUnit": "100 ml = 77,98 z\u0142",
    "loyaltyPricePerUnit": null,
    "danNumber": null,
    "aGroupNrOld": null,
    "vat": 23,
    "height": 0,
    "width": 0,
    "depth": 0,
    "weight": 0,
    "category": "Twarz-Piel\u0119gnacja twarzy-Kremy do twarzy"
  },
  {
    "id": 327270,
    "navigateUrl": "/Produkt/Kremy-do-twarzy/Nivea-Q10-Power-przeciwzmarszczkowy-krem-odzywiajacy-na-noc-cera-dojrzala-i-wymagajaca-50-ml,327270,9223",
    "name": "Q10 Power",
    "caption": "przeciwzmarszczkowy krem od\u017Cywiaj\u0105cy na noc cera dojrza\u0142a i wymagaj\u0105ca",
    "unit": "50 ml",
    "brand": "NIVEA",
    "oldPrice": 58.99,
    "price": 38.99,
    "loyaltyPrice": null,
    "pricePerUnit": "100 ml = 77,98 z\u0142",
    "loyaltyPricePerUnit": null,
    "danNumber": null,
    "aGroupNrOld": null,
    "vat": 23,
    "height": 0,
    "width": 0,
    "depth": 0,
    "weight": 0,
    "category": "Twarz-Piel\u0119gnacja twarzy-Kremy do twarzy"
  },
  {
    "id": 331792,
    "navigateUrl": "/Produkt/Kremy-do-twarzy/Janda-Collagen-Reconstructor-krem-pod-oczy-redukujacy-zmarszczki-i-cienie-pod-oczami-15-ml,331792,9223",
    "name": "Collagen Reconstructor",
    "caption": "krem pod oczy redukuj\u0105cy zmarszczki i cienie pod oczami",
    "unit": "15 ml",
    "brand": "JANDA",
    "oldPrice": 35.99,
    "price": 26.99,
    "loyaltyPrice": null,
    "pricePerUnit": "100 ml = 179,93 z\u0142",
    "loyaltyPricePerUnit": null,
    "danNumber": null,
    "aGroupNrOld": null,
    "vat": 23,
    "height": 0,
    "width": 0,
    "depth": 0,
    "weight": 0,
    "category": "Twarz-Piel\u0119gnacja twarzy-Kremy do twarzy"
  },
  {
    "id": 331796,
    "navigateUrl": "/Produkt/Serum/Janda-Collagen-Reconstructor-odmladzajace-serum-odzywka-na-twarz-szyje-i-dekolt-50-ml,331796,9225",
    "name": "Collagen Reconstructor",
    "caption": "odm\u0142adzaj\u0105ce serum-od\u017Cywka na twarz, szyj\u0119 i dekolt",
    "unit": "50 ml",
    "brand": "JANDA",
    "oldPrice": 50.99,
    "price": 39.99,
    "loyaltyPrice": null,
    "pricePerUnit": "100 ml = 79,98 z\u0142",
    "loyaltyPricePerUnit": null,
    "danNumber": null,
    "aGroupNrOld": null,
    "vat": 23,
    "height": 0,
    "width": 0,
    "depth": 0,
    "weight": 0,
    "category": "Twarz-Piel\u0119gnacja twarzy-Serum"
  },
  {
    "id": 331788,
    "navigateUrl": "/Produkt/Kremy-do-twarzy/Janda-Collagen-Reconstructor-ujedrniajacy-krem-redukujacy-zmarszczki-z-naturalnym-kolagenem-na-dzie,331788,9223",
    "name": "Collagen Reconstructor",
    "caption": "uj\u0119drniaj\u0105cy krem redukuj\u0105cy zmarszczki z naturalnym kolagenem na dzie\u0144",
    "unit": "50 ml",
    "brand": "JANDA",
    "oldPrice": 50.99,
    "price": 39.99,
    "loyaltyPrice": null,
    "pricePerUnit": "100 ml = 79,98 z\u0142",
    "loyaltyPricePerUnit": null,
    "danNumber": null,
    "aGroupNrOld": null,
    "vat": 23,
    "height": 0,
    "width": 0,
    "depth": 0,
    "weight": 0,
    "category": "Twarz-Piel\u0119gnacja twarzy-Kremy do twarzy"
  },
  {
    "id": 331790,
    "navigateUrl": "/Produkt/Kremy-do-twarzy/Janda-Collagen-Reconstructor-ujedrniajacy-krem-redukujacy-zmarszczki-z-naturalnym-kolagenem-na-noc-,331790,9223",
    "name": "Collagen Reconstructor",
    "caption": "uj\u0119drniaj\u0105cy krem redukuj\u0105cy zmarszczki z naturalnym kolagenem na noc",
    "unit": "50 ml",
    "brand": "JANDA",
    "oldPrice": 50.99,
    "price": 39.99,
    "loyaltyPrice": null,
    "pricePerUnit": "100 ml = 79,98 z\u0142",
    "loyaltyPricePerUnit": null,
    "danNumber": null,
    "aGroupNrOld": null,
    "vat": 23,
    "height": 0,
    "width": 0,
    "depth": 0,
    "weight": 0,
    "category": "Twarz-Piel\u0119gnacja twarzy-Kremy do twarzy"
  },
  {
    "id": 357731,
    "navigateUrl": "/Produkt/Kremy-do-twarzy/Christian-Laurent-Bakuchiol-antygrawitacyjny-krem-lifting-aktywnie-modelujacy-na-dzien-i-na-noc-50-,357731,9223",
    "name": "Bakuchiol",
    "caption": "antygrawitacyjny krem-lifting aktywnie modeluj\u0105cy, na dzie\u0144 i na noc, 50\u002B",
    "unit": "50 ml",
    "brand": "CHRISTIAN LAURENT",
    "oldPrice": 44.99,
    "price": 27.99,
    "loyaltyPrice": null,
    "pricePerUnit": "100 ml = 55,98 z\u0142",
    "loyaltyPricePerUnit": null,
    "danNumber": null,
    "aGroupNrOld": null,
    "vat": 23,
    "height": 0,
    "width": 0,
    "depth": 0,
    "weight": 0,
    "category": "Twarz-Piel\u0119gnacja twarzy-Kremy do twarzy"
  },
  {
    "id": 357732,
    "navigateUrl": "/Produkt/Kremy-do-twarzy/Christian-Laurent-Bakuchiol-odmladzajacy-krem-lifting-poprawiajacy-gestosc-skory-na-dzien-i-na-noc-,357732,9223",
    "name": "Bakuchiol",
    "caption": "odm\u0142adzaj\u0105cy krem-lifting poprawiaj\u0105cy g\u0119sto\u015B\u0107 sk\u00F3ry, na dzie\u0144 i na noc, 60\u002B",
    "unit": "50 ml",
    "brand": "CHRISTIAN LAURENT",
    "oldPrice": 44.99,
    "price": 27.99,
    "loyaltyPrice": null,
    "pricePerUnit": "100 ml = 55,98 z\u0142",
    "loyaltyPricePerUnit": null,
    "danNumber": null,
    "aGroupNrOld": null,
    "vat": 23,
    "height": 0,
    "width": 0,
    "depth": 0,
    "weight": 0,
    "category": "Twarz-Piel\u0119gnacja twarzy-Kremy do twarzy"
  },
  {
    "id": 297443,
    "navigateUrl": "/Produkt/Kremy-pod-oczy/Eveline-Cosmetics-Royal-Snail-skoncentrowany-krem-pod-oczy-i-na-powieki-intensywnie-liftingujacy-na,297443,9224",
    "name": "Royal Snail",
    "caption": "skoncentrowany krem pod oczy i na powieki intensywnie liftinguj\u0105cy, na dzie\u0144 i na noc, 50\u002B/70\u002B",
    "unit": "20 ml",
    "brand": "EVELINE COSMETICS",
    "oldPrice": 25.99,
    "price": 19.99,
    "loyaltyPrice": null,
    "pricePerUnit": "100 ml = 99,95 z\u0142",
    "loyaltyPricePerUnit": null,
    "danNumber": null,
    "aGroupNrOld": null,
    "vat": 23,
    "height": 0,
    "width": 0,
    "depth": 0,
    "weight": 0,
    "category": "Twarz-Piel\u0119gnacja twarzy-Kremy pod oczy"
  },
  {
    "id": 297435,
    "navigateUrl": "/Produkt/Kremy-do-twarzy/Eveline-Cosmetics-Royal-Snail-skoncentrowany-krem-silnie-liftingujacy-na-dzien-i-na-noc-cera-dojrza,297435,9223",
    "name": "Royal Snail",
    "caption": "skoncentrowany krem silnie liftinguj\u0105cy na dzie\u0144 i na noc, cera dojrza\u0142a, 50\u002B",
    "unit": "50 ml",
    "brand": "EVELINE COSMETICS",
    "oldPrice": 29.99,
    "price": 22.99,
    "loyaltyPrice": null,
    "pricePerUnit": "100 ml = 45,98 z\u0142",
    "loyaltyPricePerUnit": null,
    "danNumber": null,
    "aGroupNrOld": null,
    "vat": 23,
    "height": 0,
    "width": 0,
    "depth": 0,
    "weight": 0,
    "category": "Twarz-Piel\u0119gnacja twarzy-Kremy do twarzy"
  },
  {
    "id": 297438,
    "navigateUrl": "/Produkt/Kremy-do-twarzy/Eveline-Cosmetics-Royal-Snail-skoncentrowany-krem-ultranaprawczy-na-dzien-i-na-noc-cera-dojrzala-60,297438,9223",
    "name": "Royal Snail",
    "caption": "skoncentrowany krem ultranaprawczy na dzie\u0144 i na noc, cera dojrza\u0142a, 60\u002B",
    "unit": "50 ml",
    "brand": "EVELINE COSMETICS",
    "oldPrice": 29.99,
    "price": 22.99,
    "loyaltyPrice": null,
    "pricePerUnit": "100 ml = 45,98 z\u0142",
    "loyaltyPricePerUnit": null,
    "danNumber": null,
    "aGroupNrOld": null,
    "vat": 23,
    "height": 0,
    "width": 0,
    "depth": 0,
    "weight": 0,
    "category": "Twarz-Piel\u0119gnacja twarzy-Kremy do twarzy"
  },
  {
    "id": 297439,
    "navigateUrl": "/Produkt/Kremy-do-twarzy/Eveline-Cosmetics-Royal-Snail-skoncentrowany-krem-aktywnie-regenerujacy-na-dzien-i-na-noc-cera-dojr,297439,9223",
    "name": "Royal Snail",
    "caption": "skoncentrowany krem aktywnie regeneruj\u0105cy na dzie\u0144 i na noc, cera dojrza\u0142a, 70\u002B",
    "unit": "50 ml",
    "brand": "EVELINE COSMETICS",
    "oldPrice": 29.99,
    "price": 22.99,
    "loyaltyPrice": null,
    "pricePerUnit": "100 ml = 45,98 z\u0142",
    "loyaltyPricePerUnit": null,
    "danNumber": null,
    "aGroupNrOld": null,
    "vat": 23,
    "height": 0,
    "width": 0,
    "depth": 0,
    "weight": 0,
    "category": "Twarz-Piel\u0119gnacja twarzy-Kremy do twarzy"
  },
  {
    "id": 358089,
    "navigateUrl": "/Produkt/Kremy-pod-oczy/Perfecta-Bio-Retinol-krem-przeciwzmarszczkowy-pod-oczy-50-60-15-ml,358089,9224",
    "name": "Bio Retinol",
    "caption": "krem przeciwzmarszczkowy pod oczy, 50/60\u002B",
    "unit": "15 ml",
    "brand": "PERFECTA",
    "oldPrice": 23.99,
    "price": 17.99,
    "loyaltyPrice": null,
    "pricePerUnit": "100 ml = 119,93 z\u0142",
    "loyaltyPricePerUnit": null,
    "danNumber": null,
    "aGroupNrOld": null,
    "vat": 23,
    "height": 0,
    "width": 0,
    "depth": 0,
    "weight": 0,
    "category": "Twarz-Piel\u0119gnacja twarzy-Kremy pod oczy"
  },
  {
    "id": 358087,
    "navigateUrl": "/Produkt/Kremy-do-twarzy/Perfecta-Bio-Retinol-krem-przeciwzmarszczkowy-na-dzien-i-na-noc-50-50-ml,358087,9223",
    "name": "Bio Retinol",
    "caption": "krem przeciwzmarszczkowy na dzie\u0144 i na noc, 50\u002B",
    "unit": "50 ml",
    "brand": "PERFECTA",
    "oldPrice": 28.99,
    "price": 21.99,
    "loyaltyPrice": null,
    "pricePerUnit": "100 ml = 43,98 z\u0142",
    "loyaltyPricePerUnit": null,
    "danNumber": null,
    "aGroupNrOld": null,
    "vat": 23,
    "height": 0,
    "width": 0,
    "depth": 0,
    "weight": 0,
    "category": "Twarz-Piel\u0119gnacja twarzy-Kremy do twarzy"
  },
  {
    "id": 381297,
    "navigateUrl": "/Produkt/Kremy-pod-oczy/AA-Technologia-Wieku-5-Repair-50-Aktywny-Lifting-rewitalizujacy-krem-rozswietlajacy-pod-oczy-15-ml,381297,9224",
    "name": "Technologia Wieku 5 Repair 50\u002B Aktywny Lifting",
    "caption": "rewitalizuj\u0105cy krem roz\u015Bwietlaj\u0105cy pod oczy",
    "unit": "15 ml",
    "brand": "AA",
    "oldPrice": 19.99,
    "price": 15.99,
    "loyaltyPrice": null,
    "pricePerUnit": "100 ml = 106,60 z\u0142",
    "loyaltyPricePerUnit": null,
    "danNumber": null,
    "aGroupNrOld": null,
    "vat": 23,
    "height": 0,
    "width": 0,
    "depth": 0,
    "weight": 0,
    "category": "Twarz-Piel\u0119gnacja twarzy-Kremy pod oczy"
  },
  {
    "id": 381310,
    "navigateUrl": "/Produkt/Kremy-do-twarzy/AA-Technologia-Wieku-5-Repair-50-Aktywny-Lifting-liftingujacy-krem-rozswietlajacy-na-dzien-50-ml,381310,9223",
    "name": "Technologia Wieku 5 Repair 50\u002B Aktywny Lifting",
    "caption": "liftinguj\u0105cy krem roz\u015Bwietlaj\u0105cy na dzie\u0144",
    "unit": "50 ml",
    "brand": "AA",
    "oldPrice": 27.99,
    "price": 21.99,
    "loyaltyPrice": null,
    "pricePerUnit": "100 ml = 43,98 z\u0142",
    "loyaltyPricePerUnit": null,
    "danNumber": null,
    "aGroupNrOld": null,
    "vat": 23,
    "height": 0,
    "width": 0,
    "depth": 0,
    "weight": 0,
    "category": "Twarz-Piel\u0119gnacja twarzy-Kremy do twarzy"
  },
  {
    "id": 381311,
    "navigateUrl": "/Produkt/Kremy-do-twarzy/AA-Technologia-Wieku-5-Repair-50-Aktywny-Lifting-regenerujacy-krem-rozswietlajacy-na-noc-50-ml,381311,9223",
    "name": "Technologia Wieku 5 Repair 50\u002B Aktywny Lifting",
    "caption": "regeneruj\u0105cy krem roz\u015Bwietlaj\u0105cy na noc",
    "unit": "50 ml",
    "brand": "AA",
    "oldPrice": 27.99,
    "price": 21.99,
    "loyaltyPrice": null,
    "pricePerUnit": "100 ml = 43,98 z\u0142",
    "loyaltyPricePerUnit": null,
    "danNumber": null,
    "aGroupNrOld": null,
    "vat": 23,
    "height": 0,
    "width": 0,
    "depth": 0,
    "weight": 0,
    "category": "Twarz-Piel\u0119gnacja twarzy-Kremy do twarzy"
  },
  {
    "id": 291430,
    "navigateUrl": "/Produkt/Kremy-pod-oczy/AA-Technologia-Wieku-5-Repair-60-Zlota-Kuracja-krem-pod-oczy-napinajaco-odzywczy-15-ml,291430,9224",
    "name": "Technologia Wieku 5 Repair 60\u002B Z\u0142ota Kuracja",
    "caption": "krem pod oczy napinaj\u0105co-od\u017Cywczy",
    "unit": "15 ml",
    "brand": "AA",
    "oldPrice": 19.99,
    "price": 15.99,
    "loyaltyPrice": null,
    "pricePerUnit": "100 ml = 106,60 z\u0142",
    "loyaltyPricePerUnit": null,
    "danNumber": null,
    "aGroupNrOld": null,
    "vat": 23,
    "height": 0,
    "width": 0,
    "depth": 0,
    "weight": 0,
    "category": "Twarz-Piel\u0119gnacja twarzy-Kremy pod oczy"
  },
  {
    "id": 291428,
    "navigateUrl": "/Produkt/Kremy-do-twarzy/AA-Technologia-Wieku-5-Repair-60-Zlota-Kuracja-ujedrniajacy-krem-wzmacniajacy-na-noc-skora-wrazliw,291428,9223",
    "name": "Technologia Wieku 5 Repair 60\u002B Z\u0142ota Kuracja",
    "caption": "uj\u0119drniaj\u0105cy krem wzmacniaj\u0105cy na noc sk\u00F3ra wra\u017Cliwa i sk\u0142onna do alergii",
    "unit": "50 ml",
    "brand": "AA",
    "oldPrice": 27.99,
    "price": 21.99,
    "loyaltyPrice": null,
    "pricePerUnit": "100 ml = 43,98 z\u0142",
    "loyaltyPricePerUnit": null,
    "danNumber": null,
    "aGroupNrOld": null,
    "vat": 23,
    "height": 0,
    "width": 0,
    "depth": 0,
    "weight": 0,
    "category": "Twarz-Piel\u0119gnacja twarzy-Kremy do twarzy"
  },
  {
    "id": 291422,
    "navigateUrl": "/Produkt/Kremy-do-twarzy/AA-Technologia-Wieku-5-Repair-60-Zlota-Kuracja-krem-przeciwzmarszczkowy-na-dzien-skora-wrazliwa-i-,291422,9223",
    "name": "Technologia Wieku 5 Repair 60\u002B Z\u0142ota Kuracja",
    "caption": "krem przeciwzmarszczkowy na dzie\u0144 sk\u00F3ra wra\u017Cliwa i sk\u0142onna do alergii",
    "unit": "50 ml",
    "brand": "AA",
    "oldPrice": 27.99,
    "price": 21.99,
    "loyaltyPrice": null,
    "pricePerUnit": "100 ml = 43,98 z\u0142",
    "loyaltyPricePerUnit": null,
    "danNumber": null,
    "aGroupNrOld": null,
    "vat": 23,
    "height": 0,
    "width": 0,
    "depth": 0,
    "weight": 0,
    "category": "Twarz-Piel\u0119gnacja twarzy-Kremy do twarzy"
  },
  {
    "id": 291425,
    "navigateUrl": "/Produkt/Kremy-do-twarzy/AA-Technologia-Wieku-5-Repair-60-Zlota-Kuracja-regenerujacy-krem-odbudowujacy-na-noc-skora-wrazliw,291425,9223",
    "name": "Technologia Wieku 5 Repair 60\u002B Z\u0142ota Kuracja",
    "caption": "regeneruj\u0105cy krem odbudowuj\u0105cy na noc sk\u00F3ra wra\u017Cliwa i sk\u0142onna do alergii",
    "unit": "50 ml",
    "brand": "AA",
    "oldPrice": 27.99,
    "price": 21.99,
    "loyaltyPrice": null,
    "pricePerUnit": "100 ml = 43,98 z\u0142",
    "loyaltyPricePerUnit": null,
    "danNumber": null,
    "aGroupNrOld": null,
    "vat": 23,
    "height": 0,
    "width": 0,
    "depth": 0,
    "weight": 0,
    "category": "Twarz-Piel\u0119gnacja twarzy-Kremy do twarzy"
  },
  {
    "id": 248620,
    "navigateUrl": "/Produkt/Kremy-pod-oczy/Perfecta-Fenomen-C-krem-pod-oczy-i-na-powieki-rozjasnienie-i-likwidacja-workow-na-dzien-i-na-noc-,248620,9224",
    "name": "Fenomen C",
    "caption": "krem pod oczy i na powieki, rozja\u015Bnienie i likwidacja \u0022work\u00F3w\u0022, na dzie\u0144 i na noc",
    "unit": "15 ml",
    "brand": "PERFECTA",
    "oldPrice": 22.99,
    "price": 17.99,
    "loyaltyPrice": null,
    "pricePerUnit": "100 ml = 119,93 z\u0142",
    "loyaltyPricePerUnit": null,
    "danNumber": null,
    "aGroupNrOld": null,
    "vat": 23,
    "height": 0,
    "width": 0,
    "depth": 0,
    "weight": 0,
    "category": "Twarz-Piel\u0119gnacja twarzy-Kremy pod oczy"
  },
  {
    "id": 248613,
    "navigateUrl": "/Produkt/Kremy-do-twarzy/Perfecta-Fenomen-C-nawilzajacy-krem-liftingujacy-na-dzien-i-na-noc-50-SPF-6-50-ml,248613,9223",
    "name": "Fenomen C",
    "caption": "nawil\u017Caj\u0105cy krem liftinguj\u0105cy na dzie\u0144 i na noc, 50\u002B, SPF 6",
    "unit": "50 ml",
    "brand": "PERFECTA",
    "oldPrice": 26.99,
    "price": 19.99,
    "loyaltyPrice": null,
    "pricePerUnit": "100 ml = 39,98 z\u0142",
    "loyaltyPricePerUnit": null,
    "danNumber": null,
    "aGroupNrOld": null,
    "vat": 23,
    "height": 0,
    "width": 0,
    "depth": 0,
    "weight": 0,
    "category": "Twarz-Piel\u0119gnacja twarzy-Kremy do twarzy"
  },
  {
    "id": 248619,
    "navigateUrl": "/Produkt/Kremy-do-twarzy/Perfecta-Fenomen-C-regenerujacy-krem-ujedrniajacy-na-dzien-i-na-noc-60-SPF-6-50-ml,248619,9223",
    "name": "Fenomen C",
    "caption": "regeneruj\u0105cy krem uj\u0119drniaj\u0105cy na dzie\u0144 i na noc, 60\u002B, SPF 6",
    "unit": "50 ml",
    "brand": "PERFECTA",
    "oldPrice": 26.99,
    "price": 19.99,
    "loyaltyPrice": null,
    "pricePerUnit": "100 ml = 39,98 z\u0142",
    "loyaltyPricePerUnit": null,
    "danNumber": null,
    "aGroupNrOld": null,
    "vat": 23,
    "height": 0,
    "width": 0,
    "depth": 0,
    "weight": 0,
    "category": "Twarz-Piel\u0119gnacja twarzy-Kremy do twarzy"
  },
  {
    "id": 276349,
    "navigateUrl": "/Produkt/Kremy-do-twarzy/Perfecta-Fenomen-C-regenerujacy-krem-odbudowujacy-na-dzien-i-na-noc-70-SPF-6-50-ml,276349,9223",
    "name": "Fenomen C",
    "caption": "regeneruj\u0105cy krem odbudowuj\u0105cy na dzie\u0144 i na noc, 70\u002B, SPF 6",
    "unit": "50 ml",
    "brand": "PERFECTA",
    "oldPrice": 26.99,
    "price": 19.99,
    "loyaltyPrice": null,
    "pricePerUnit": "100 ml = 39,98 z\u0142",
    "loyaltyPricePerUnit": null,
    "danNumber": null,
    "aGroupNrOld": null,
    "vat": 23,
    "height": 0,
    "width": 0,
    "depth": 0,
    "weight": 0,
    "category": "Twarz-Piel\u0119gnacja twarzy-Kremy do twarzy"
  },
  {
    "id": 297368,
    "navigateUrl": "/Produkt/Kremy-do-twarzy/Nivea-przeciwzmarszczkowy-krem-modelujacy-na-dzien-65-50-ml,297368,9223",
    "name": null,
    "caption": "przeciwzmarszczkowy krem modeluj\u0105cy na dzie\u0144 65\u002B",
    "unit": "50 ml",
    "brand": "NIVEA",
    "oldPrice": 19.99,
    "price": 15.99,
    "loyaltyPrice": null,
    "pricePerUnit": "100 ml = 31,98 z\u0142",
    "loyaltyPricePerUnit": null,
    "danNumber": null,
    "aGroupNrOld": null,
    "vat": 23,
    "height": 0,
    "width": 0,
    "depth": 0,
    "weight": 0,
    "category": "Twarz-Piel\u0119gnacja twarzy-Kremy do twarzy"
  },
  {
    "id": 297371,
    "navigateUrl": "/Produkt/Kremy-do-twarzy/Nivea-przeciwzmarszczkowy-krem-modelujacy-na-noc-65-50-ml,297371,9223",
    "name": null,
    "caption": "przeciwzmarszczkowy krem modeluj\u0105cy na noc 65\u002B",
    "unit": "50 ml",
    "brand": "NIVEA",
    "oldPrice": 19.99,
    "price": 15.99,
    "loyaltyPrice": null,
    "pricePerUnit": "100 ml = 31,98 z\u0142",
    "loyaltyPricePerUnit": null,
    "danNumber": null,
    "aGroupNrOld": null,
    "vat": 23,
    "height": 0,
    "width": 0,
    "depth": 0,
    "weight": 0,
    "category": "Twarz-Piel\u0119gnacja twarzy-Kremy do twarzy"
  },
  {
    "id": 372712,
    "navigateUrl": "/Produkt/Serum/Lift4Skin-Beauty-Booster-serum-krem-nawilzajacy-SPF-30-2-kwas-hialuronowy-B5-30-ml,372712,9225",
    "name": "Beauty Booster",
    "caption": "serum \u002B krem nawil\u017Caj\u0105cy SPF 30\u002B 2% kwas hialuronowy \u002B B5",
    "unit": "30 ml",
    "brand": "LIFT4SKIN",
    "oldPrice": 59.99,
    "price": 44.99,
    "loyaltyPrice": null,
    "pricePerUnit": "100 ml = 149,97 z\u0142",
    "loyaltyPricePerUnit": null,
    "danNumber": null,
    "aGroupNrOld": null,
    "vat": 23,
    "height": 0,
    "width": 0,
    "depth": 0,
    "weight": 0,
    "category": "Twarz-Piel\u0119gnacja twarzy-Serum"
  },
  {
    "id": 381299,
    "navigateUrl": "/Produkt/Kremy-pod-oczy/Lift4Skin-Beauty-Booster-krem-pod-oczy-i-na-powieki-na-dzien-i-na-noc-kwas-hialuronowy-B5-15-ml,381299,9224",
    "name": "Beauty Booster",
    "caption": "krem pod oczy i na powieki na dzie\u0144 i na noc, kwas hialuronowy \u002BB5",
    "unit": "15 ml",
    "brand": "LIFT4SKIN",
    "oldPrice": 34.99,
    "price": 26.99,
    "loyaltyPrice": null,
    "pricePerUnit": "100 ml = 179,93 z\u0142",
    "loyaltyPricePerUnit": null,
    "danNumber": null,
    "aGroupNrOld": null,
    "vat": 23,
    "height": 0,
    "width": 0,
    "depth": 0,
    "weight": 0,
    "category": "Twarz-Piel\u0119gnacja twarzy-Kremy pod oczy"
  },
  {
    "id": 372714,
    "navigateUrl": "/Produkt/Serum/Lift4Skin-Beauty-Booster-serum-krem-wygladzajacy-SPF-30-10-niacynamid-30-ml,372714,9225",
    "name": "Beauty Booster",
    "caption": "serum \u002B krem wyg\u0142adzaj\u0105cy, SPF 30\u002B 10% niacynamid",
    "unit": "30 ml",
    "brand": "LIFT4SKIN",
    "oldPrice": 59.99,
    "price": 44.99,
    "loyaltyPrice": null,
    "pricePerUnit": "100 ml = 149,97 z\u0142",
    "loyaltyPricePerUnit": null,
    "danNumber": null,
    "aGroupNrOld": null,
    "vat": 23,
    "height": 0,
    "width": 0,
    "depth": 0,
    "weight": 0,
    "category": "Twarz-Piel\u0119gnacja twarzy-Serum"
  },
  {
    "id": 372713,
    "navigateUrl": "/Produkt/Serum/Lift4Skin-Beauty-Booster-serum-krem-rewitalizujacy-SPF-30-12-witamina-C-30-ml,372713,9225",
    "name": "Beauty Booster",
    "caption": "serum \u002B krem rewitalizuj\u0105cy SPF 30\u002B 12% witamina C",
    "unit": "30 ml",
    "brand": "LIFT4SKIN",
    "oldPrice": 59.99,
    "price": 44.99,
    "loyaltyPrice": null,
    "pricePerUnit": "100 ml = 149,97 z\u0142",
    "loyaltyPricePerUnit": null,
    "danNumber": null,
    "aGroupNrOld": null,
    "vat": 23,
    "height": 0,
    "width": 0,
    "depth": 0,
    "weight": 0,
    "category": "Twarz-Piel\u0119gnacja twarzy-Serum"
  },
  {
    "id": 381298,
    "navigateUrl": "/Produkt/Kremy-pod-oczy/Lift4Skin-Beauty-Booster-krem-pod-oczy-i-na-powieki-na-dzien-i-na-noc-witamina-antyoksydanty-15-,381298,9224",
    "name": "Beauty Booster",
    "caption": "krem pod oczy i na powieki, na dzie\u0144 i na noc, witamina \u002B antyoksydanty",
    "unit": "15 ml",
    "brand": "LIFT4SKIN",
    "oldPrice": 34.99,
    "price": 26.99,
    "loyaltyPrice": null,
    "pricePerUnit": "100 ml = 179,93 z\u0142",
    "loyaltyPricePerUnit": null,
    "danNumber": null,
    "aGroupNrOld": null,
    "vat": 23,
    "height": 0,
    "width": 0,
    "depth": 0,
    "weight": 0,
    "category": "Twarz-Piel\u0119gnacja twarzy-Kremy pod oczy"
  },
  {
    "id": 294321,
    "navigateUrl": "/Produkt/Serum/Lift4Skin-blyskawiczny-reduktor-zmarszczek-cieni-i-workow-pod-oczami-zabieg-bankietowy-1-szt,294321,9225",
    "name": null,
    "caption": "b\u0142yskawiczny reduktor, zmarszczek cieni i work\u00F3w pod oczami - zabieg bankietowy",
    "unit": "1 szt.",
    "brand": "LIFT4SKIN",
    "oldPrice": 70.99,
    "price": 53.99,
    "loyaltyPrice": null,
    "pricePerUnit": "1 szt. = 53,99 z\u0142",
    "loyaltyPricePerUnit": null,
    "danNumber": null,
    "aGroupNrOld": null,
    "vat": 23,
    "height": 0,
    "width": 0,
    "depth": 0,
    "weight": 0,
    "category": "Twarz-Piel\u0119gnacja twarzy-Serum"
  },
  {
    "id": 265397,
    "navigateUrl": "/Produkt/Kremy-pod-oczy/Lift4Skin-ujedrniajacy-krem-wygladzajacy-pod-oczy-i-na-powieki-35-ml,265397,9224",
    "name": null,
    "caption": "uj\u0119drniaj\u0105cy krem wyg\u0142adzaj\u0105cy pod oczy i na powieki",
    "unit": "35 ml",
    "brand": "LIFT4SKIN",
    "oldPrice": 35.99,
    "price": 27.99,
    "loyaltyPrice": null,
    "pricePerUnit": "100 ml = 93,30 z\u0142",
    "loyaltyPricePerUnit": null,
    "danNumber": null,
    "aGroupNrOld": null,
    "vat": 23,
    "height": 0,
    "width": 0,
    "depth": 0,
    "weight": 0,
    "category": "Twarz-Piel\u0119gnacja twarzy-Kremy pod oczy"
  },
  {
    "id": 265398,
    "navigateUrl": "/Produkt/Kremy-do-twarzy/Lift4Skin-intensywny-krem-zelazko-wygladzajacy-na-dzien-50-ml,265398,9223",
    "name": null,
    "caption": "intensywny krem-\u017Celazko wyg\u0142adzaj\u0105cy na dzie\u0144",
    "unit": "50 ml",
    "brand": "LIFT4SKIN",
    "oldPrice": 59.99,
    "price": 44.99,
    "loyaltyPrice": null,
    "pricePerUnit": "100 ml = 89,98 z\u0142",
    "loyaltyPricePerUnit": null,
    "danNumber": null,
    "aGroupNrOld": null,
    "vat": 23,
    "height": 0,
    "width": 0,
    "depth": 0,
    "weight": 0,
    "category": "Twarz-Piel\u0119gnacja twarzy-Kremy do twarzy"
  },
  {
    "id": 265399,
    "navigateUrl": "/Produkt/Kremy-do-twarzy/Lift4Skin-odbudowujacy-krem-przeciwzmarszczkowy-na-noc-50-ml,265399,9223",
    "name": null,
    "caption": "odbudowuj\u0105cy krem przeciwzmarszczkowy na noc",
    "unit": "50 ml",
    "brand": "LIFT4SKIN",
    "oldPrice": 59.99,
    "price": 44.99,
    "loyaltyPrice": null,
    "pricePerUnit": "100 ml = 89,98 z\u0142",
    "loyaltyPricePerUnit": null,
    "danNumber": null,
    "aGroupNrOld": null,
    "vat": 23,
    "height": 0,
    "width": 0,
    "depth": 0,
    "weight": 0,
    "category": "Twarz-Piel\u0119gnacja twarzy-Kremy do twarzy"
  },
  {
    "id": 370023,
    "navigateUrl": "/Produkt/Kremy-pod-oczy/Yoskine-BIO-Collagen-intensywny-biokrem-pod-oczy-i-wokol-ust-15-ml,370023,9224",
    "name": "BIO Collagen",
    "caption": "intensywny biokrem pod oczy i wok\u00F3\u0142 ust",
    "unit": "15 ml",
    "brand": "YOSKINE",
    "oldPrice": 32.99,
    "price": 24.49,
    "loyaltyPrice": null,
    "pricePerUnit": "1 ml = 1,63 z\u0142",
    "loyaltyPricePerUnit": null,
    "danNumber": null,
    "aGroupNrOld": null,
    "vat": 23,
    "height": 0,
    "width": 0,
    "depth": 0,
    "weight": 0,
    "category": "Twarz-Piel\u0119gnacja twarzy-Kremy pod oczy"
  },
  {
    "id": 370024,
    "navigateUrl": "/Produkt/Kremy-do-twarzy/Yoskine-BIO-Collagen-przeciwzmarszczkowy-biokrem-regenerujacy-na-noc-50-50-ml,370024,9223",
    "name": "BIO Collagen",
    "caption": "przeciwzmarszczkowy biokrem regeneruj\u0105cy na noc, 50\u002B",
    "unit": "50 ml",
    "brand": "YOSKINE",
    "oldPrice": 51.99,
    "price": 37.99,
    "loyaltyPrice": null,
    "pricePerUnit": "1 ml = 0,76 z\u0142",
    "loyaltyPricePerUnit": null,
    "danNumber": null,
    "aGroupNrOld": null,
    "vat": 23,
    "height": 0,
    "width": 0,
    "depth": 0,
    "weight": 0,
    "category": "Twarz-Piel\u0119gnacja twarzy-Kremy do twarzy"
  },
  {
    "id": 370025,
    "navigateUrl": "/Produkt/Kremy-do-twarzy/Yoskine-BIO-Collagen-przeciwzmarszczkowy-biokrem-liftingujacy-na-dzien-50-50-ml,370025,9223",
    "name": "BIO Collagen",
    "caption": "przeciwzmarszczkowy biokrem liftinguj\u0105cy na dzie\u0144 50\u002B",
    "unit": "50 ml",
    "brand": "YOSKINE",
    "oldPrice": 51.99,
    "price": 37.99,
    "loyaltyPrice": null,
    "pricePerUnit": "1 ml = 0,76 z\u0142",
    "loyaltyPricePerUnit": null,
    "danNumber": null,
    "aGroupNrOld": null,
    "vat": 23,
    "height": 0,
    "width": 0,
    "depth": 0,
    "weight": 0,
    "category": "Twarz-Piel\u0119gnacja twarzy-Kremy do twarzy"
  },
  {
    "id": 368089,
    "navigateUrl": "/Produkt/Serum/Onlybio-Ritualia-Tranquilty-serum-do-twarzy-30-ml,368089,9225",
    "name": "Ritualia Tranquilty",
    "caption": "serum do twarzy",
    "unit": "30 ml",
    "brand": "ONLYBIO",
    "oldPrice": 52.99,
    "price": 33.99,
    "loyaltyPrice": null,
    "pricePerUnit": "1 ml = 1,13 z\u0142",
    "loyaltyPricePerUnit": null,
    "danNumber": null,
    "aGroupNrOld": null,
    "vat": 23,
    "height": 0,
    "width": 0,
    "depth": 0,
    "weight": 0,
    "category": "Twarz-Piel\u0119gnacja twarzy-Serum"
  },
  {
    "id": 367468,
    "navigateUrl": "/Produkt/Serum/Onlybio-Ritualia-Tranquilty-serum-do-twarzy-30-ml,367468,9225",
    "name": "Ritualia Tranquilty",
    "caption": "serum do twarzy",
    "unit": "30 ml",
    "brand": "ONLYBIO",
    "oldPrice": 52.99,
    "price": 33.99,
    "loyaltyPrice": null,
    "pricePerUnit": "1 ml = 1,13 z\u0142",
    "loyaltyPricePerUnit": null,
    "danNumber": null,
    "aGroupNrOld": null,
    "vat": 23,
    "height": 0,
    "width": 0,
    "depth": 0,
    "weight": 0,
    "category": "Twarz-Piel\u0119gnacja twarzy-Serum"
  },
  {
    "id": 367467,
    "navigateUrl": "/Produkt/Kremy-pod-oczy/Onlybio-Ritualia-Tranquilty-krem-pod-oczy-15-ml,367467,9224",
    "name": "Ritualia Tranquilty",
    "caption": "krem pod oczy ",
    "unit": "15 ml",
    "brand": "ONLYBIO",
    "oldPrice": 47.99,
    "price": 29.99,
    "loyaltyPrice": null,
    "pricePerUnit": "1 ml = 2,00 z\u0142",
    "loyaltyPricePerUnit": null,
    "danNumber": null,
    "aGroupNrOld": null,
    "vat": 23,
    "height": 0,
    "width": 0,
    "depth": 0,
    "weight": 0,
    "category": "Twarz-Piel\u0119gnacja twarzy-Kremy pod oczy"
  },
  {
    "id": 368090,
    "navigateUrl": "/Produkt/Kremy-do-twarzy/Onlybio-Ritualia-Tranquilty-krem-brzoskwiniowy-na-dzien-50-ml,368090,9223",
    "name": "Ritualia Tranquilty",
    "caption": "krem brzoskwiniowy na dzie\u0144",
    "unit": "50 ml",
    "brand": "ONLYBIO",
    "oldPrice": 52.99,
    "price": 33.99,
    "loyaltyPrice": null,
    "pricePerUnit": "1 ml = 0,68 z\u0142",
    "loyaltyPricePerUnit": null,
    "danNumber": null,
    "aGroupNrOld": null,
    "vat": 23,
    "height": 0,
    "width": 0,
    "depth": 0,
    "weight": 0,
    "category": "Twarz-Piel\u0119gnacja twarzy-Kremy do twarzy"
  },
  {
    "id": 368091,
    "navigateUrl": "/Produkt/Kremy-do-twarzy/Onlybio-Ritualia-Tranquilty-krem-z-7-wyciagami-odmladzajacymi-na-noc-50-ml,368091,9223",
    "name": "Ritualia Tranquilty",
    "caption": "krem z 7 wyci\u0105gami odm\u0142adzaj\u0105cymi na noc",
    "unit": "50 ml",
    "brand": "ONLYBIO",
    "oldPrice": 52.99,
    "price": 33.99,
    "loyaltyPrice": null,
    "pricePerUnit": "1 ml = 0,68 z\u0142",
    "loyaltyPricePerUnit": null,
    "danNumber": null,
    "aGroupNrOld": null,
    "vat": 23,
    "height": 0,
    "width": 0,
    "depth": 0,
    "weight": 0,
    "category": "Twarz-Piel\u0119gnacja twarzy-Kremy do twarzy"
  },
  {
    "id": 170744,
    "navigateUrl": "/Produkt/Kremy-do-twarzy/Nivea-Q10-Energy-krem-przeciwzmarszczkowy-na-dzien-50-ml,170744,9223",
    "name": "Q10 Energy",
    "caption": "krem przeciwzmarszczkowy na dzie\u0144",
    "unit": "50 ml",
    "brand": "NIVEA",
    "oldPrice": 52.99,
    "price": 33.99,
    "loyaltyPrice": null,
    "pricePerUnit": "100 ml = 67,98 z\u0142",
    "loyaltyPricePerUnit": null,
    "danNumber": null,
    "aGroupNrOld": null,
    "vat": 23,
    "height": 0,
    "width": 0,
    "depth": 0,
    "weight": 0,
    "category": "Twarz-Piel\u0119gnacja twarzy-Kremy do twarzy"
  },
  {
    "id": 7954,
    "navigateUrl": "/Produkt/Kremy-do-twarzy/Nivea-Q10-Power-przeciwzmarszczkowy-krem-nawilzajacy-na-dzien-cera-normalna-SPF-15-50-ml,7954,9223",
    "name": "Q10 Power",
    "caption": "przeciwzmarszczkowy krem nawil\u017Caj\u0105cy na dzie\u0144, cera normalna, SPF 15",
    "unit": "50 ml",
    "brand": "NIVEA",
    "oldPrice": 48.99,
    "price": 31.99,
    "loyaltyPrice": null,
    "pricePerUnit": "100 ml = 63,98 z\u0142",
    "loyaltyPricePerUnit": null,
    "danNumber": null,
    "aGroupNrOld": null,
    "vat": 23,
    "height": 0,
    "width": 0,
    "depth": 0,
    "weight": 0,
    "category": "Twarz-Piel\u0119gnacja twarzy-Kremy do twarzy"
  },
  {
    "id": 373964,
    "navigateUrl": "/Produkt/Serum/Nivea-Q10-Power-serum-przeciwzmarszczkowe-Skoncentrowane-Perly-Mlodosci-30-ml,373964,9225",
    "name": "Q10 Power",
    "caption": "serum przeciwzmarszczkowe Skoncentrowane Per\u0142y M\u0142odo\u015Bci",
    "unit": "30 ml",
    "brand": "NIVEA",
    "oldPrice": 53.99,
    "price": 35.99,
    "loyaltyPrice": null,
    "pricePerUnit": "100 ml = 119,97 z\u0142",
    "loyaltyPricePerUnit": null,
    "danNumber": null,
    "aGroupNrOld": null,
    "vat": 23,
    "height": 0,
    "width": 0,
    "depth": 0,
    "weight": 0,
    "category": "Twarz-Piel\u0119gnacja twarzy-Serum"
  },
  {
    "id": 62937,
    "navigateUrl": "/Produkt/Kremy-do-twarzy/Nivea-Q10-Power-przeciwzmarszczkowy-krem-nawilzajacy-na-dzien-cera-mieszana-SPF-15-50-ml,62937,9223",
    "name": "Q10 Power",
    "caption": "przeciwzmarszczkowy krem nawil\u017Caj\u0105cy na dzie\u0144 cera mieszana, SPF 15",
    "unit": "50 ml",
    "brand": "NIVEA",
    "oldPrice": 48.99,
    "price": 31.99,
    "loyaltyPrice": null,
    "pricePerUnit": "100 ml = 63,98 z\u0142",
    "loyaltyPricePerUnit": null,
    "danNumber": null,
    "aGroupNrOld": null,
    "vat": 23,
    "height": 0,
    "width": 0,
    "depth": 0,
    "weight": 0,
    "category": "Twarz-Piel\u0119gnacja twarzy-Kremy do twarzy"
  },
  {
    "id": 13737,
    "navigateUrl": "/Produkt/Kremy-do-twarzy/Nivea-Q10-Power-przeciwzmarszczkowy-krem-nawilzajacy-na-noc-cera-normalna-50-ml,13737,9223",
    "name": "Q10 Power",
    "caption": "przeciwzmarszczkowy krem nawil\u017Caj\u0105cy na noc, cera normalna",
    "unit": "50 ml",
    "brand": "NIVEA",
    "oldPrice": 48.99,
    "price": 31.99,
    "loyaltyPrice": null,
    "pricePerUnit": "100 ml = 63,98 z\u0142",
    "loyaltyPricePerUnit": null,
    "danNumber": null,
    "aGroupNrOld": null,
    "vat": 23,
    "height": 0,
    "width": 0,
    "depth": 0,
    "weight": 0,
    "category": "Twarz-Piel\u0119gnacja twarzy-Kremy do twarzy"
  },
  {
    "id": 297350,
    "navigateUrl": "/Produkt/Serum/Nivea-Q10-Power-skoncentrowana-kuracja-glebokich-zmarszczek-ujedrnienie-65-ml,297350,9225",
    "name": "Q10 Power",
    "caption": "skoncentrowana kuracja g\u0142\u0119bokich zmarszczek \u002B uj\u0119drnienie",
    "unit": "6,5 ml",
    "brand": "NIVEA",
    "oldPrice": 24.99,
    "price": 15.99,
    "loyaltyPrice": null,
    "pricePerUnit": "100 ml = 246,00 z\u0142",
    "loyaltyPricePerUnit": null,
    "danNumber": null,
    "aGroupNrOld": null,
    "vat": 23,
    "height": 0,
    "width": 0,
    "depth": 0,
    "weight": 0,
    "category": "Twarz-Piel\u0119gnacja twarzy-Serum"
  },
  {
    "id": 13738,
    "navigateUrl": "/Produkt/Kremy-pod-oczy/Nivea-Q10-Power-przeciwzmarszczkowy-krem-pod-oczy-15-ml,13738,9224",
    "name": "Q10 Power",
    "caption": "przeciwzmarszczkowy krem pod oczy",
    "unit": "15 ml",
    "brand": "NIVEA",
    "oldPrice": 51.99,
    "price": 33.99,
    "loyaltyPrice": null,
    "pricePerUnit": "100 ml = 226,60 z\u0142",
    "loyaltyPricePerUnit": null,
    "danNumber": null,
    "aGroupNrOld": null,
    "vat": 23,
    "height": 0,
    "width": 0,
    "depth": 0,
    "weight": 0,
    "category": "Twarz-Piel\u0119gnacja twarzy-Kremy pod oczy"
  },
  {
    "id": 263965,
    "navigateUrl": "/Produkt/Kremy-do-twarzy/Nivea-Q10-Power-przeciwzmarszczkowy-krem-nawilzajacy-na-dzien-cera-normalna-SPF-30-50-ml,263965,9223",
    "name": "Q10 Power",
    "caption": "przeciwzmarszczkowy krem nawil\u017Caj\u0105cy na dzie\u0144, cera normalna, SPF 30",
    "unit": "50 ml",
    "brand": "NIVEA",
    "oldPrice": 52.99,
    "price": 33.99,
    "loyaltyPrice": null,
    "pricePerUnit": "100 ml = 67,98 z\u0142",
    "loyaltyPricePerUnit": null,
    "danNumber": null,
    "aGroupNrOld": null,
    "vat": 23,
    "height": 0,
    "width": 0,
    "depth": 0,
    "weight": 0,
    "category": "Twarz-Piel\u0119gnacja twarzy-Kremy do twarzy"
  },
  {
    "id": 292834,
    "navigateUrl": "/Produkt/Kremy-do-twarzy/Nivea-Q10-Power-przeciwzmarszczkowy-krem-lagodzacy-na-dzien-cera-wrazliwa-SPF-15-50-ml,292834,9223",
    "name": "Q10 Power",
    "caption": "przeciwzmarszczkowy krem \u0142agodz\u0105cy na dzie\u0144 cera wra\u017Cliwa, SPF 15",
    "unit": "50 ml",
    "brand": "NIVEA",
    "oldPrice": 52.99,
    "price": 33.99,
    "loyaltyPrice": null,
    "pricePerUnit": "100 ml = 67,98 z\u0142",
    "loyaltyPricePerUnit": null,
    "danNumber": null,
    "aGroupNrOld": null,
    "vat": 23,
    "height": 0,
    "width": 0,
    "depth": 0,
    "weight": 0,
    "category": "Twarz-Piel\u0119gnacja twarzy-Kremy do twarzy"
  },
  {
    "id": 292839,
    "navigateUrl": "/Produkt/Kremy-do-twarzy/Nivea-Q10-Power-krem-przeciwzmarszczkowy-na-noc-cera-wrazliwa-50-ml,292839,9223",
    "name": "Q10 Power",
    "caption": "krem przeciwzmarszczkowy na noc, cera wra\u017Cliwa",
    "unit": "50 ml",
    "brand": "NIVEA",
    "oldPrice": 52.99,
    "price": 33.99,
    "loyaltyPrice": null,
    "pricePerUnit": "100 ml = 67,98 z\u0142",
    "loyaltyPricePerUnit": null,
    "danNumber": null,
    "aGroupNrOld": null,
    "vat": 23,
    "height": 0,
    "width": 0,
    "depth": 0,
    "weight": 0,
    "category": "Twarz-Piel\u0119gnacja twarzy-Kremy do twarzy"
  },
  {
    "id": 381397,
    "navigateUrl": "/Produkt/Kremy-do-twarzy/Im-NATURIKKE-krem-na-dzien-bakuchiol-skwalan-50-ml,381397,9223",
    "name": null,
    "caption": "krem na dzie\u0144 bakuchiol \u002B skwalan",
    "unit": "50 ml",
    "brand": "I\u0027M NATURIKKE",
    "oldPrice": 29.99,
    "price": 21.49,
    "loyaltyPrice": null,
    "pricePerUnit": "100 ml = 42,98 z\u0142",
    "loyaltyPricePerUnit": null,
    "danNumber": null,
    "aGroupNrOld": null,
    "vat": 23,
    "height": 0,
    "width": 0,
    "depth": 0,
    "weight": 0,
    "category": "Twarz-Piel\u0119gnacja twarzy-Kremy do twarzy"
  },
  {
    "id": 381395,
    "navigateUrl": "/Produkt/Kremy-pod-oczy/Im-NATURIKKE-kojacy-krem-pod-oczy-15-ml,381395,9224",
    "name": null,
    "caption": "koj\u0105cy krem pod oczy",
    "unit": "15 ml",
    "brand": "I\u0027M NATURIKKE",
    "oldPrice": 24.99,
    "price": 17.99,
    "loyaltyPrice": null,
    "pricePerUnit": "100 ml = 119,93 z\u0142",
    "loyaltyPricePerUnit": null,
    "danNumber": null,
    "aGroupNrOld": null,
    "vat": 23,
    "height": 0,
    "width": 0,
    "depth": 0,
    "weight": 0,
    "category": "Twarz-Piel\u0119gnacja twarzy-Kremy pod oczy"
  },
  {
    "id": 381396,
    "navigateUrl": "/Produkt/Kremy-do-twarzy/Im-NATURIKKE-krem-na-noc-bakuchiol-skwalan-50-ml,381396,9223",
    "name": null,
    "caption": "krem na noc bakuchiol \u002B skwalan",
    "unit": "50 ml",
    "brand": "I\u0027M NATURIKKE",
    "oldPrice": 29.99,
    "price": 21.49,
    "loyaltyPrice": null,
    "pricePerUnit": "100 ml = 42,98 z\u0142",
    "loyaltyPricePerUnit": null,
    "danNumber": null,
    "aGroupNrOld": null,
    "vat": 23,
    "height": 0,
    "width": 0,
    "depth": 0,
    "weight": 0,
    "category": "Twarz-Piel\u0119gnacja twarzy-Kremy do twarzy"
  },
  {
    "id": 381452,
    "navigateUrl": "/Produkt/Kremy-do-twarzy/Im-NATURIKKE-krem-na-dzien-50-ml,381452,9223",
    "name": null,
    "caption": "krem na dzie\u0144 ",
    "unit": "50 ml",
    "brand": "I\u0027M NATURIKKE",
    "oldPrice": 29.99,
    "price": 21.49,
    "loyaltyPrice": null,
    "pricePerUnit": "100 ml = 42,98 z\u0142",
    "loyaltyPricePerUnit": null,
    "danNumber": null,
    "aGroupNrOld": null,
    "vat": 23,
    "height": 0,
    "width": 0,
    "depth": 0,
    "weight": 0,
    "category": "Twarz-Piel\u0119gnacja twarzy-Kremy do twarzy"
  },
  {
    "id": 381453,
    "navigateUrl": "/Produkt/Kremy-do-twarzy/Im-NATURIKKE-krem-na-noc-50-ml,381453,9223",
    "name": null,
    "caption": "krem na noc ",
    "unit": "50 ml",
    "brand": "I\u0027M NATURIKKE",
    "oldPrice": 29.99,
    "price": 21.49,
    "loyaltyPrice": null,
    "pricePerUnit": "100 ml = 42,98 z\u0142",
    "loyaltyPricePerUnit": null,
    "danNumber": null,
    "aGroupNrOld": null,
    "vat": 23,
    "height": 0,
    "width": 0,
    "depth": 0,
    "weight": 0,
    "category": "Twarz-Piel\u0119gnacja twarzy-Kremy do twarzy"
  },
  {
    "id": 357730,
    "navigateUrl": "/Produkt/Kremy-do-twarzy/Christian-Laurent-Bakuchiol-przeciwzmarszczkowy-krem-lifting-silnie-ujedrniajacy-na-dzien-i-na-noc-,357730,9223",
    "name": "Bakuchiol",
    "caption": "przeciwzmarszczkowy krem-lifting silnie uj\u0119drniaj\u0105cy, na dzie\u0144 i na noc, 40\u002B",
    "unit": "50 ml",
    "brand": "CHRISTIAN LAURENT",
    "oldPrice": 44.99,
    "price": 27.99,
    "loyaltyPrice": null,
    "pricePerUnit": "100 ml = 55,98 z\u0142",
    "loyaltyPricePerUnit": null,
    "danNumber": null,
    "aGroupNrOld": null,
    "vat": 23,
    "height": 0,
    "width": 0,
    "depth": 0,
    "weight": 0,
    "category": "Twarz-Piel\u0119gnacja twarzy-Kremy do twarzy"
  },
  {
    "id": 369984,
    "navigateUrl": "/Produkt/Kremy-pod-oczy/Perfecta-Neo-Elixir-Mlodosci-rozswietlajacy-krem-pod-oczy-15-ml,369984,9224",
    "name": "Neo-Elixir M\u0142odo\u015Bci",
    "caption": "roz\u015Bwietlaj\u0105cy krem pod oczy",
    "unit": "15 ml",
    "brand": "PERFECTA",
    "oldPrice": 23.99,
    "price": 17.99,
    "loyaltyPrice": null,
    "pricePerUnit": "1 ml = 1,20 z\u0142",
    "loyaltyPricePerUnit": null,
    "danNumber": null,
    "aGroupNrOld": null,
    "vat": 23,
    "height": 0,
    "width": 0,
    "depth": 0,
    "weight": 0,
    "category": "Twarz-Piel\u0119gnacja twarzy-Kremy pod oczy"
  },
  {
    "id": 369987,
    "navigateUrl": "/Produkt/Kremy-do-twarzy/Perfecta-Neo-Elixir-Mlodosci-krem-przeciwzmarszczkowy-na-dzien-i-na-noc-50-50-ml,369987,9223",
    "name": "Neo-Elixir M\u0142odo\u015Bci",
    "caption": "krem przeciwzmarszczkowy na dzie\u0144 i na noc, 50\u002B",
    "unit": "50 ml",
    "brand": "PERFECTA",
    "oldPrice": 29.99,
    "price": 22.99,
    "loyaltyPrice": null,
    "pricePerUnit": "1 ml = 0,46 z\u0142",
    "loyaltyPricePerUnit": null,
    "danNumber": null,
    "aGroupNrOld": null,
    "vat": 23,
    "height": 0,
    "width": 0,
    "depth": 0,
    "weight": 0,
    "category": "Twarz-Piel\u0119gnacja twarzy-Kremy do twarzy"
  },
  {
    "id": 369989,
    "navigateUrl": "/Produkt/Kremy-do-twarzy/Perfecta-Neo-Elixir-Mlodosci-krem-przeciwzmarszczkowy-na-dzien-i-na-noc-60-50-ml,369989,9223",
    "name": "Neo-Elixir M\u0142odo\u015Bci",
    "caption": "krem przeciwzmarszczkowy na dzie\u0144 i na noc, 60\u002B",
    "unit": "50 ml",
    "brand": "PERFECTA",
    "oldPrice": 29.99,
    "price": 22.99,
    "loyaltyPrice": null,
    "pricePerUnit": "1 ml = 0,46 z\u0142",
    "loyaltyPricePerUnit": null,
    "danNumber": null,
    "aGroupNrOld": null,
    "vat": 23,
    "height": 0,
    "width": 0,
    "depth": 0,
    "weight": 0,
    "category": "Twarz-Piel\u0119gnacja twarzy-Kremy do twarzy"
  },
  {
    "id": 369990,
    "navigateUrl": "/Produkt/Kremy-do-twarzy/Perfecta-Neo-Elixir-Mlodosci-krem-przeciwzmarszczkowy-na-dzien-i-na-noc-70-50-ml,369990,9223",
    "name": "Neo-Elixir M\u0142odo\u015Bci",
    "caption": "krem przeciwzmarszczkowy na dzie\u0144 i na noc, 70\u002B",
    "unit": "50 ml",
    "brand": "PERFECTA",
    "oldPrice": 29.99,
    "price": 22.99,
    "loyaltyPrice": null,
    "pricePerUnit": "1 ml = 0,46 z\u0142",
    "loyaltyPricePerUnit": null,
    "danNumber": null,
    "aGroupNrOld": null,
    "vat": 23,
    "height": 0,
    "width": 0,
    "depth": 0,
    "weight": 0,
    "category": "Twarz-Piel\u0119gnacja twarzy-Kremy do twarzy"
  },
  {
    "id": 291438,
    "navigateUrl": "/Produkt/Kremy-pod-oczy/AA-Technologia-Wieku-5-Repair-70-Intensywne-Odzywienie-krem-pod-oczy-nawilzajaco-odzywczy-15-ml,291438,9224",
    "name": "Technologia Wieku 5 Repair 70\u002B Intensywne Od\u017Cywienie",
    "caption": "krem pod oczy nawil\u017Caj\u0105co-od\u017Cywczy",
    "unit": "15 ml",
    "brand": "AA",
    "oldPrice": 19.99,
    "price": 15.99,
    "loyaltyPrice": null,
    "pricePerUnit": "100 ml = 106,60 z\u0142",
    "loyaltyPricePerUnit": null,
    "danNumber": null,
    "aGroupNrOld": null,
    "vat": 23,
    "height": 0,
    "width": 0,
    "depth": 0,
    "weight": 0,
    "category": "Twarz-Piel\u0119gnacja twarzy-Kremy pod oczy"
  },
  {
    "id": 291437,
    "navigateUrl": "/Produkt/Kremy-do-twarzy/AA-Technologia-Wieku-5-Repair-70-Intensywne-Odzywienie-krem-wzmacniajacy-na-noc-skora-wrazliwa-i-s,291437,9223",
    "name": "Technologia Wieku 5 Repair 70\u002B Intensywne Od\u017Cywienie",
    "caption": "krem wzmacniaj\u0105cy na noc sk\u00F3ra wra\u017Cliwa i sk\u0142onna do alergii, 70\u002B",
    "unit": "50 ml",
    "brand": "AA",
    "oldPrice": 27.99,
    "price": 21.99,
    "loyaltyPrice": null,
    "pricePerUnit": "100 ml = 43,98 z\u0142",
    "loyaltyPricePerUnit": null,
    "danNumber": null,
    "aGroupNrOld": null,
    "vat": 23,
    "height": 0,
    "width": 0,
    "depth": 0,
    "weight": 0,
    "category": "Twarz-Piel\u0119gnacja twarzy-Kremy do twarzy"
  },
  {
    "id": 291434,
    "navigateUrl": "/Produkt/Kremy-do-twarzy/AA-Technologia-Wieku-5-Repair-70-Intensywne-Odzywienie-krem-intensywnie-regenerujacy-na-dzien-i-na,291434,9223",
    "name": "Technologia Wieku 5 Repair 70\u002B Intensywne Od\u017Cywienie",
    "caption": "krem intensywnie regeneruj\u0105cy na dzie\u0144 i na noc sk\u00F3ra wra\u017Cliwa i sk\u0142onna do alergii",
    "unit": "50 ml",
    "brand": "AA",
    "oldPrice": 27.99,
    "price": 21.99,
    "loyaltyPrice": null,
    "pricePerUnit": "100 ml = 43,98 z\u0142",
    "loyaltyPricePerUnit": null,
    "danNumber": null,
    "aGroupNrOld": null,
    "vat": 23,
    "height": 0,
    "width": 0,
    "depth": 0,
    "weight": 0,
    "category": "Twarz-Piel\u0119gnacja twarzy-Kremy do twarzy"
  },
  {
    "id": 381436,
    "navigateUrl": "/Produkt/Kremy-do-twarzy/Lirene-C-E-Vitamin-Energy-odzywczy-krem-na-dzien-i-na-noc-gleboko-nawilzajacy-cera-sucha-i-wrazliwa,381436,9223",
    "name": "C\u002BE Vitamin Energy",
    "caption": "od\u017Cywczy krem na dzie\u0144 i na noc g\u0142\u0119boko nawil\u017Caj\u0105cy, cera sucha i wra\u017Cliwa",
    "unit": "50 ml",
    "brand": "LIRENE",
    "oldPrice": 25.99,
    "price": 19.99,
    "loyaltyPrice": null,
    "pricePerUnit": "100 ml = 39,98 z\u0142",
    "loyaltyPricePerUnit": null,
    "danNumber": null,
    "aGroupNrOld": null,
    "vat": 23,
    "height": 0,
    "width": 0,
    "depth": 0,
    "weight": 0,
    "category": "Twarz-Piel\u0119gnacja twarzy-Kremy do twarzy"
  },
  {
    "id": 381437,
    "navigateUrl": "/Produkt/Serum/Lirene-C-E-Vitamin-Energy-skoncentrowane-serum-do-twarzy-na-dzien-i-na-noc-30-ml,381437,9225",
    "name": "C\u002BE Vitamin Energy",
    "caption": "skoncentrowane serum do twarzy na dzie\u0144 i na noc",
    "unit": "30 ml",
    "brand": "LIRENE",
    "oldPrice": 28.99,
    "price": 21.99,
    "loyaltyPrice": null,
    "pricePerUnit": "100 ml = 73,30 z\u0142",
    "loyaltyPricePerUnit": null,
    "danNumber": null,
    "aGroupNrOld": null,
    "vat": 23,
    "height": 0,
    "width": 0,
    "depth": 0,
    "weight": 0,
    "category": "Twarz-Piel\u0119gnacja twarzy-Serum"
  },
  {
    "id": 370199,
    "navigateUrl": "/Produkt/Serum/ME-serum-do-twarzy-z-kwasem-traneksamowym-25-30-ml,370199,9225",
    "name": null,
    "caption": "serum do twarzy z kwasem traneksamowym 2,5%",
    "unit": "30 ml",
    "brand": "ME\u002B",
    "oldPrice": 29.99,
    "price": 21.49,
    "loyaltyPrice": null,
    "pricePerUnit": "100 ml = 71,63 z\u0142",
    "loyaltyPricePerUnit": null,
    "danNumber": null,
    "aGroupNrOld": null,
    "vat": 23,
    "height": 0,
    "width": 0,
    "depth": 0,
    "weight": 0,
    "category": "Twarz-Piel\u0119gnacja twarzy-Serum"
  },
  {
    "id": 370204,
    "navigateUrl": "/Produkt/Serum/ME-serum-do-twarzy-SPF-30-30-ml,370204,9225",
    "name": null,
    "caption": "serum do twarzy SPF 30",
    "unit": "30 ml",
    "brand": "ME\u002B",
    "oldPrice": 29.99,
    "price": 21.49,
    "loyaltyPrice": null,
    "pricePerUnit": "100 ml = 71,63 z\u0142",
    "loyaltyPricePerUnit": null,
    "danNumber": null,
    "aGroupNrOld": null,
    "vat": 23,
    "height": 0,
    "width": 0,
    "depth": 0,
    "weight": 0,
    "category": "Twarz-Piel\u0119gnacja twarzy-Serum"
  },
  {
    "id": 370201,
    "navigateUrl": "/Produkt/Serum/ME-serum-do-twarzy-z-kwasem-poliglutaminowym-1-30-ml,370201,9225",
    "name": null,
    "caption": "serum do twarzy z kwasem poliglutaminowym 1%",
    "unit": "30 ml",
    "brand": "ME\u002B",
    "oldPrice": 29.99,
    "price": 21.49,
    "loyaltyPrice": null,
    "pricePerUnit": "100 ml = 71,63 z\u0142",
    "loyaltyPricePerUnit": null,
    "danNumber": null,
    "aGroupNrOld": null,
    "vat": 23,
    "height": 0,
    "width": 0,
    "depth": 0,
    "weight": 0,
    "category": "Twarz-Piel\u0119gnacja twarzy-Serum"
  },
  {
    "id": 370191,
    "navigateUrl": "/Produkt/Serum/ME-serum-do-twarzy-z-kwasem-hialuronowym-2-30-ml,370191,9225",
    "name": null,
    "caption": "serum do twarzy z kwasem hialuronowym 2%",
    "unit": "30 ml",
    "brand": "ME\u002B",
    "oldPrice": 25.99,
    "price": 18.49,
    "loyaltyPrice": null,
    "pricePerUnit": "100 ml = 61,63 z\u0142",
    "loyaltyPricePerUnit": null,
    "danNumber": null,
    "aGroupNrOld": null,
    "vat": 23,
    "height": 0,
    "width": 0,
    "depth": 0,
    "weight": 0,
    "category": "Twarz-Piel\u0119gnacja twarzy-Serum"
  },
  {
    "id": 382364,
    "navigateUrl": "/Produkt/Kremy-do-twarzy/beBio-Ewa-Chodakowska-naturalny-krem-do-twarzy-50-odzywczy-na-dzien-i-na-noc-50-ml,382364,9223",
    "name": "Ewa Chodakowska",
    "caption": "naturalny krem do twarzy 50\u002B od\u017Cywczy na dzie\u0144 i na noc",
    "unit": "50 ml",
    "brand": "BEBIO",
    "oldPrice": 24.99,
    "price": 18.99,
    "loyaltyPrice": null,
    "pricePerUnit": "100 ml = 37,98 z\u0142",
    "loyaltyPricePerUnit": null,
    "danNumber": null,
    "aGroupNrOld": null,
    "vat": 23,
    "height": 0,
    "width": 0,
    "depth": 0,
    "weight": 0,
    "category": "Twarz-Piel\u0119gnacja twarzy-Kremy do twarzy"
  },
  {
    "id": 370197,
    "navigateUrl": "/Produkt/Serum/ME-serum-do-twarzy-niacynamid-10-i-cynk-15-30-ml,370197,9225",
    "name": null,
    "caption": "serum do twarzy, niacynamid 10% i cynk 1,5%",
    "unit": "30 ml",
    "brand": "ME\u002B",
    "oldPrice": 25.99,
    "price": 18.49,
    "loyaltyPrice": null,
    "pricePerUnit": "100 ml = 61,63 z\u0142",
    "loyaltyPricePerUnit": null,
    "danNumber": null,
    "aGroupNrOld": null,
    "vat": 23,
    "height": 0,
    "width": 0,
    "depth": 0,
    "weight": 0,
    "category": "Twarz-Piel\u0119gnacja twarzy-Serum"
  },
  {
    "id": 382367,
    "navigateUrl": "/Produkt/Kremy-do-twarzy/beBio-Ewa-Chodakowska-naturalny-krem-do-twarzy-50-wygladzajacy-na-dzien-50-ml,382367,9223",
    "name": "Ewa Chodakowska",
    "caption": "naturalny krem do twarzy 50\u002B wyg\u0142\u0105dzaj\u0105cy na dzie\u0144",
    "unit": "50 ml",
    "brand": "BEBIO",
    "oldPrice": 24.99,
    "price": 18.99,
    "loyaltyPrice": null,
    "pricePerUnit": "100 ml = 37,98 z\u0142",
    "loyaltyPricePerUnit": null,
    "danNumber": null,
    "aGroupNrOld": null,
    "vat": 23,
    "height": 0,
    "width": 0,
    "depth": 0,
    "weight": 0,
    "category": "Twarz-Piel\u0119gnacja twarzy-Kremy do twarzy"
  },
  {
    "id": 317776,
    "navigateUrl": "/Produkt/Serum/Isana-Vitamin-Booster-ampulki-z-retinolem-witamina-C-i-witamina-E-7x2-ml,317776,9225",
    "name": "Vitamin Booster",
    "caption": "ampu\u0142ki z retinolem witamin\u0105 C i witamin\u0105 E",
    "unit": "7x2 ml",
    "brand": "ISANA",
    "oldPrice": 29.49,
    "price": 20.99,
    "loyaltyPrice": null,
    "pricePerUnit": "100 ml = 149,93 z\u0142",
    "loyaltyPricePerUnit": null,
    "danNumber": null,
    "aGroupNrOld": null,
    "vat": 23,
    "height": 0,
    "width": 0,
    "depth": 0,
    "weight": 0,
    "category": "Twarz-Piel\u0119gnacja twarzy-Serum"
  },
  {
    "id": 382368,
    "navigateUrl": "/Produkt/Kremy-do-twarzy/beBio-Ewa-Chodakowska-naturalny-krem-do-twarzy-50-ujedrniajacy-na-noc-50-ml,382368,9223",
    "name": "Ewa Chodakowska",
    "caption": "naturalny krem do twarzy 50\u002B uj\u0119drniaj\u0105cy na noc",
    "unit": "50 ml",
    "brand": "BEBIO",
    "oldPrice": 24.99,
    "price": 18.99,
    "loyaltyPrice": null,
    "pricePerUnit": "100 ml = 37,98 z\u0142",
    "loyaltyPricePerUnit": null,
    "danNumber": null,
    "aGroupNrOld": null,
    "vat": 23,
    "height": 0,
    "width": 0,
    "depth": 0,
    "weight": 0,
    "category": "Twarz-Piel\u0119gnacja twarzy-Kremy do twarzy"
  },
  {
    "id": 377724,
    "navigateUrl": "/Produkt/Serum/Isana-ampulki-z-prowitamina-B5-7x2-ml,377724,9225",
    "name": null,
    "caption": "ampu\u0142ki z prowitamin\u0105 B5",
    "unit": "7x2 ml",
    "brand": "ISANA",
    "oldPrice": 21.49,
    "price": 15.49,
    "loyaltyPrice": null,
    "pricePerUnit": "100 ml = 110,64 z\u0142",
    "loyaltyPricePerUnit": null,
    "danNumber": null,
    "aGroupNrOld": null,
    "vat": 23,
    "height": 0,
    "width": 0,
    "depth": 0,
    "weight": 0,
    "category": "Twarz-Piel\u0119gnacja twarzy-Serum"
  },
  {
    "id": 188189,
    "navigateUrl": "/Produkt/Serum/Isana-Q10-ampulki-koncentrat-przeciwzmarszczkowy-72-ml,188189,9225",
    "name": "Q10",
    "caption": "ampu\u0142ki, koncentrat przeciwzmarszczkowy",
    "unit": "7\u00D72 ml",
    "brand": "ISANA",
    "oldPrice": 22.49,
    "price": 15.99,
    "loyaltyPrice": null,
    "pricePerUnit": "100 ml = 114,21 z\u0142",
    "loyaltyPricePerUnit": null,
    "danNumber": null,
    "aGroupNrOld": null,
    "vat": 23,
    "height": 0,
    "width": 0,
    "depth": 0,
    "weight": 0,
    "category": "Twarz-Piel\u0119gnacja twarzy-Serum"
  },
  {
    "id": 180073,
    "navigateUrl": "/Produkt/Serum/Isana-Hyaluron-Booster-ampulki-koncentrat-nawilzajacy-7x2-ml,180073,9225",
    "name": "Hyaluron Booster",
    "caption": "ampu\u0142ki koncentrat nawil\u017Caj\u0105cy",
    "unit": "7x2 ml",
    "brand": "ISANA",
    "oldPrice": 22.49,
    "price": 15.99,
    "loyaltyPrice": null,
    "pricePerUnit": "100 ml = 114,21 z\u0142",
    "loyaltyPricePerUnit": null,
    "danNumber": null,
    "aGroupNrOld": null,
    "vat": 23,
    "height": 0,
    "width": 0,
    "depth": 0,
    "weight": 0,
    "category": "Twarz-Piel\u0119gnacja twarzy-Serum"
  },
  {
    "id": 194846,
    "navigateUrl": "/Produkt/Serum/Isana-Q10-przeciwzmarszczkowe-kapsulki-pielegnacyjne-z-kompleksem-anti-age-7-szt,194846,9225",
    "name": "Q10",
    "caption": "przeciwzmarszczkowe kapsu\u0142ki piel\u0119gnacyjne z kompleksem anti-age",
    "unit": "7 szt.",
    "brand": "ISANA",
    "oldPrice": 8.99,
    "price": 6.39,
    "loyaltyPrice": null,
    "pricePerUnit": "100 ml = 240,23 z\u0142",
    "loyaltyPricePerUnit": null,
    "danNumber": null,
    "aGroupNrOld": null,
    "vat": 23,
    "height": 0,
    "width": 0,
    "depth": 0,
    "weight": 0,
    "category": "Twarz-Piel\u0119gnacja twarzy-Serum"
  },
  {
    "id": 358033,
    "navigateUrl": "/Produkt/Serum/Isana-kapsulki-z-olejem-arganowym-7x036-ml,358033,9225",
    "name": null,
    "caption": "kapsu\u0142ki z olejem arganowym",
    "unit": "7x0,36 ml",
    "brand": "ISANA",
    "oldPrice": 8.99,
    "price": 6.39,
    "loyaltyPrice": null,
    "pricePerUnit": "100 ml = 240,23 z\u0142",
    "loyaltyPricePerUnit": null,
    "danNumber": null,
    "aGroupNrOld": null,
    "vat": 23,
    "height": 0,
    "width": 0,
    "depth": 0,
    "weight": 0,
    "category": "Twarz-Piel\u0119gnacja twarzy-Serum"
  },
  {
    "id": 340617,
    "navigateUrl": "/Produkt/Serum/Alterra-booster-hialuronowy-15-ml,340617,9225",
    "name": null,
    "caption": "booster hialuronowy",
    "unit": "15 ml",
    "brand": "ALTERRA",
    "oldPrice": 17.99,
    "price": 12.79,
    "loyaltyPrice": null,
    "pricePerUnit": "100 ml = 85,27 z\u0142",
    "loyaltyPricePerUnit": null,
    "danNumber": null,
    "aGroupNrOld": null,
    "vat": 23,
    "height": 0,
    "width": 0,
    "depth": 0,
    "weight": 0,
    "category": "Twarz-Piel\u0119gnacja twarzy-Serum"
  },
  {
    "id": 340618,
    "navigateUrl": "/Produkt/Serum/Alterra-serum-z-witaminami-triple-vitamin-booster-15-ml,340618,9225",
    "name": null,
    "caption": "serum z witaminami triple vitamin booster",
    "unit": "15 ml",
    "brand": "ALTERRA",
    "oldPrice": 17.99,
    "price": 12.79,
    "loyaltyPrice": null,
    "pricePerUnit": "100 ml = 85,27 z\u0142",
    "loyaltyPricePerUnit": null,
    "danNumber": null,
    "aGroupNrOld": null,
    "vat": 23,
    "height": 0,
    "width": 0,
    "depth": 0,
    "weight": 0,
    "category": "Twarz-Piel\u0119gnacja twarzy-Serum"
  },
  {
    "id": 379369,
    "navigateUrl": "/Produkt/Serum/Ava-Laboratorium-Stymulator-Odnowy-Skory-serum-do-twarzy-z-eliksirem-mlodosci-30-ml,379369,9225",
    "name": "Stymulator Odnowy Sk\u00F3ry",
    "caption": "serum do twarzy z eliksirem m\u0142odo\u015Bci",
    "unit": "30 ml",
    "brand": "AVA LABORATORIUM",
    "oldPrice": 24.99,
    "price": 18.99,
    "loyaltyPrice": null,
    "pricePerUnit": "100 ml = 63,30 z\u0142",
    "loyaltyPricePerUnit": null,
    "danNumber": null,
    "aGroupNrOld": null,
    "vat": 23,
    "height": 0,
    "width": 0,
    "depth": 0,
    "weight": 0,
    "category": "Twarz-Piel\u0119gnacja twarzy-Serum"
  },
  {
    "id": 379373,
    "navigateUrl": "/Produkt/Serum/Ava-Laboratorium-Stymulator-Odnowy-Skory-koncentrat-wypelniajacy-zmarszczki-50-30-ml,379373,9225",
    "name": "Stymulator Odnowy Sk\u00F3ry",
    "caption": "koncentrat wype\u0142niaj\u0105cy zmarszczki 50\u002B",
    "unit": "30 ml",
    "brand": "AVA LABORATORIUM",
    "oldPrice": 24.99,
    "price": 18.99,
    "loyaltyPrice": null,
    "pricePerUnit": "100 ml = 63,30 z\u0142",
    "loyaltyPricePerUnit": null,
    "danNumber": null,
    "aGroupNrOld": null,
    "vat": 23,
    "height": 0,
    "width": 0,
    "depth": 0,
    "weight": 0,
    "category": "Twarz-Piel\u0119gnacja twarzy-Serum"
  },
  {
    "id": 379366,
    "navigateUrl": "/Produkt/Kremy-pod-oczy/Ava-Laboratorium-Stymulator-Odnowy-Skory-krem-pod-oczy-korygujacy-zmarszczki-15-ml,379366,9224",
    "name": "Stymulator Odnowy Sk\u00F3ry",
    "caption": "krem pod oczy koryguj\u0105cy zmarszczki",
    "unit": "15 ml",
    "brand": "AVA LABORATORIUM",
    "oldPrice": 24.99,
    "price": 18.99,
    "loyaltyPrice": null,
    "pricePerUnit": "100 ml = 37,98 z\u0142",
    "loyaltyPricePerUnit": null,
    "danNumber": null,
    "aGroupNrOld": null,
    "vat": 23,
    "height": 0,
    "width": 0,
    "depth": 0,
    "weight": 0,
    "category": "Twarz-Piel\u0119gnacja twarzy-Kremy pod oczy"
  },
  {
    "id": 297440,
    "navigateUrl": "/Produkt/Kremy-pod-oczy/Eveline-Cosmetics-Royal-Snail-skoncentrowany-krem-rozswietlajacy-pod-oczy-i-na-powieki-na-dzien-i-n,297440,9224",
    "name": "Royal Snail",
    "caption": "skoncentrowany krem roz\u015Bwietlaj\u0105cy pod oczy i na powieki, na dzie\u0144 i na noc, 30\u002B/40\u002B",
    "unit": "20 ml",
    "brand": "EVELINE COSMETICS",
    "oldPrice": 24.99,
    "price": 19.99,
    "loyaltyPrice": null,
    "pricePerUnit": "100 ml = 99,95 z\u0142",
    "loyaltyPricePerUnit": null,
    "danNumber": null,
    "aGroupNrOld": null,
    "vat": 23,
    "height": 0,
    "width": 0,
    "depth": 0,
    "weight": 0,
    "category": "Twarz-Piel\u0119gnacja twarzy-Kremy pod oczy"
  },
  {
    "id": 379363,
    "navigateUrl": "/Produkt/Kremy-do-twarzy/Ava-Laboratorium-Stymulator-Odnowy-Skory-krem-do-twarzy-na-dzien-i-na-noc-efekt-liftingu-i-wygladze,379363,9223",
    "name": "Stymulator Odnowy Sk\u00F3ry",
    "caption": "krem do twarzy na dzie\u0144 i na noc efekt liftingu i wyg\u0142adzenia, 50\u002B",
    "unit": "50 ml",
    "brand": "AVA LABORATORIUM",
    "oldPrice": 24.99,
    "price": 18.99,
    "loyaltyPrice": null,
    "pricePerUnit": "100 ml = 37,98 z\u0142",
    "loyaltyPricePerUnit": null,
    "danNumber": null,
    "aGroupNrOld": null,
    "vat": 23,
    "height": 0,
    "width": 0,
    "depth": 0,
    "weight": 0,
    "category": "Twarz-Piel\u0119gnacja twarzy-Kremy do twarzy"
  },
  {
    "id": 297432,
    "navigateUrl": "/Produkt/Kremy-do-twarzy/Eveline-Cosmetics-Royal-Snail-skoncentrowany-krem-aktywnie-wygladzajacy-na-dzien-i-na-noc-kazdy-rod,297432,9223",
    "name": "Royal Snail",
    "caption": "skoncentrowany krem aktywnie wyg\u0142adzaj\u0105cy, na dzie\u0144 i na noc, ka\u017Cdy rodzaj cery, 30\u002B",
    "unit": "50 ml",
    "brand": "EVELINE COSMETICS",
    "oldPrice": 24.99,
    "price": 19.99,
    "loyaltyPrice": null,
    "pricePerUnit": "100 ml = 39,98 z\u0142",
    "loyaltyPricePerUnit": null,
    "danNumber": null,
    "aGroupNrOld": null,
    "vat": 23,
    "height": 0,
    "width": 0,
    "depth": 0,
    "weight": 0,
    "category": "Twarz-Piel\u0119gnacja twarzy-Kremy do twarzy"
  },
  {
    "id": 379364,
    "navigateUrl": "/Produkt/Kremy-do-twarzy/Ava-Laboratorium-Stymulator-Odnowy-Skory-krem-do-twarzy-na-dzien-i-na-noc-efekt-redukcji-zmarszczek,379364,9223",
    "name": "Stymulator Odnowy Sk\u00F3ry",
    "caption": "krem do twarzy na dzie\u0144 i na noc efekt redukcji zmarszczek, 50\u002B",
    "unit": "50 ml",
    "brand": "AVA LABORATORIUM",
    "oldPrice": 24.99,
    "price": 18.99,
    "loyaltyPrice": null,
    "pricePerUnit": "100 ml = 37,98 z\u0142",
    "loyaltyPricePerUnit": null,
    "danNumber": null,
    "aGroupNrOld": null,
    "vat": 23,
    "height": 0,
    "width": 0,
    "depth": 0,
    "weight": 0,
    "category": "Twarz-Piel\u0119gnacja twarzy-Kremy do twarzy"
  },
  {
    "id": 297433,
    "navigateUrl": "/Produkt/Kremy-do-twarzy/Eveline-Cosmetics-Royal-Snail-skoncentrowany-krem-przeciwzmarszczkowy-na-dzien-i-na-noc-kazdy-rodza,297433,9223",
    "name": "Royal Snail",
    "caption": "skoncentrowany krem przeciwzmarszczkowy na dzie\u0144 i na noc, ka\u017Cdy rodzaj cery, 40\u002B",
    "unit": "50 ml",
    "brand": "EVELINE COSMETICS",
    "oldPrice": 24.99,
    "price": 19.99,
    "loyaltyPrice": null,
    "pricePerUnit": "100 ml = 39,98 z\u0142",
    "loyaltyPricePerUnit": null,
    "danNumber": null,
    "aGroupNrOld": null,
    "vat": 23,
    "height": 0,
    "width": 0,
    "depth": 0,
    "weight": 0,
    "category": "Twarz-Piel\u0119gnacja twarzy-Kremy do twarzy"
  },
  {
    "id": 379365,
    "navigateUrl": "/Produkt/Kremy-do-twarzy/Ava-Laboratorium-Stymulator-Odnowy-Skory-krem-do-twarzy-na-dzien-i-na-noc-efekt-intensywnej-regener,379365,9223",
    "name": "Stymulator Odnowy Sk\u00F3ry",
    "caption": "krem do twarzy na dzie\u0144 i na noc efekt intensywnej regeneracji, 50\u002B",
    "unit": "50 ml",
    "brand": "AVA LABORATORIUM",
    "oldPrice": 24.99,
    "price": 18.99,
    "loyaltyPrice": null,
    "pricePerUnit": "100 ml = 37,98 z\u0142",
    "loyaltyPricePerUnit": null,
    "danNumber": null,
    "aGroupNrOld": null,
    "vat": 23,
    "height": 0,
    "width": 0,
    "depth": 0,
    "weight": 0,
    "category": "Twarz-Piel\u0119gnacja twarzy-Kremy do twarzy"
  },
  {
    "id": 378889,
    "navigateUrl": "/Produkt/Kremy-pod-oczy/Efektima-Tremella-przeciwzmarszczkowy-krem-pod-oczy-na-dzien-i-noc-50-15-ml,378889,9224",
    "name": "Tremella",
    "caption": "przeciwzmarszczkowy krem pod oczy na dzie\u0144 i noc, 50\u002B",
    "unit": "15 ml",
    "brand": "EFEKTIMA",
    "oldPrice": 24.99,
    "price": 18.49,
    "loyaltyPrice": null,
    "pricePerUnit": "100 ml = 123,27 z\u0142",
    "loyaltyPricePerUnit": null,
    "danNumber": null,
    "aGroupNrOld": null,
    "vat": 23,
    "height": 0,
    "width": 0,
    "depth": 0,
    "weight": 0,
    "category": "Twarz-Piel\u0119gnacja twarzy-Kremy pod oczy"
  },
  {
    "id": 378880,
    "navigateUrl": "/Produkt/Kremy-do-twarzy/Efektima-Tremella-krem-na-dzien-i-na-noc-nawilzenie-i-odzywienie-50-50-ml,378880,9223",
    "name": "Tremella",
    "caption": "krem na dzie\u0144 i na noc, nawil\u017Cenie i od\u017Cywienie, 50\u002B",
    "unit": "50 ml",
    "brand": "EFEKTIMA",
    "oldPrice": 24.99,
    "price": 18.49,
    "loyaltyPrice": null,
    "pricePerUnit": "100 ml = 36,98 z\u0142",
    "loyaltyPricePerUnit": null,
    "danNumber": null,
    "aGroupNrOld": null,
    "vat": 23,
    "height": 0,
    "width": 0,
    "depth": 0,
    "weight": 0,
    "category": "Twarz-Piel\u0119gnacja twarzy-Kremy do twarzy"
  },
  {
    "id": 378882,
    "navigateUrl": "/Produkt/Kremy-do-twarzy/Efektima-Tremella-krem-na-dzien-i-noc-wygladzenie-i-regeneracja-50-50-ml,378882,9223",
    "name": "Tremella",
    "caption": "krem na dzie\u0144 i noc, wyg\u0142adzenie i regeneracja, 50\u002B",
    "unit": "50 ml",
    "brand": "EFEKTIMA",
    "oldPrice": 24.99,
    "price": 18.49,
    "loyaltyPrice": null,
    "pricePerUnit": "100 ml = 36,98 z\u0142",
    "loyaltyPricePerUnit": null,
    "danNumber": null,
    "aGroupNrOld": null,
    "vat": 23,
    "height": 0,
    "width": 0,
    "depth": 0,
    "weight": 0,
    "category": "Twarz-Piel\u0119gnacja twarzy-Kremy do twarzy"
  },
  {
    "id": 378884,
    "navigateUrl": "/Produkt/Kremy-do-twarzy/Efektima-Tremella-przeciwzmarszczkowy-krem-na-dzien-i-na-noc-50-50-ml,378884,9223",
    "name": "Tremella",
    "caption": "przeciwzmarszczkowy krem na dzie\u0144 i na noc, 50\u002B",
    "unit": "50 ml",
    "brand": "EFEKTIMA",
    "oldPrice": 24.99,
    "price": 18.49,
    "loyaltyPrice": null,
    "pricePerUnit": "100 ml = 36,98 z\u0142",
    "loyaltyPricePerUnit": null,
    "danNumber": null,
    "aGroupNrOld": null,
    "vat": 23,
    "height": 0,
    "width": 0,
    "depth": 0,
    "weight": 0,
    "category": "Twarz-Piel\u0119gnacja twarzy-Kremy do twarzy"
  },
  {
    "id": 378765,
    "navigateUrl": "/Produkt/Kremy-do-twarzy/Bielenda-Zlote-Ceramidy-przeciwzmarszczkowy-krem-liftingujaco-regenerujacy-na-dzien-i-na-noc-50-50,378765,9223",
    "name": "Z\u0142ote Ceramidy",
    "caption": "przeciwzmarszczkowy krem liftinguj\u0105co-regeneruj\u0105cy na dzie\u0144 i na noc, 50\u002B",
    "unit": "50 ml",
    "brand": "BIELENDA",
    "oldPrice": 24.99,
    "price": 18.99,
    "loyaltyPrice": null,
    "pricePerUnit": "100 ml = 37,98 z\u0142",
    "loyaltyPricePerUnit": null,
    "danNumber": null,
    "aGroupNrOld": null,
    "vat": 23,
    "height": 0,
    "width": 0,
    "depth": 0,
    "weight": 0,
    "category": "Twarz-Piel\u0119gnacja twarzy-Kremy do twarzy"
  },
  {
    "id": 378766,
    "navigateUrl": "/Produkt/Kremy-do-twarzy/Bielenda-Zlote-Ceramidy-przeciwzmarszczkowy-krem-gleboko-odbudowujacy-na-dzien-i-na-noc-60-50-ml,378766,9223",
    "name": "Z\u0142ote Ceramidy",
    "caption": "przeciwzmarszczkowy krem g\u0142\u0119boko odbudowuj\u0105cy na dzie\u0144 i na noc, 60\u002B",
    "unit": "50 ml",
    "brand": "BIELENDA",
    "oldPrice": 24.99,
    "price": 18.99,
    "loyaltyPrice": null,
    "pricePerUnit": "100 ml = 37,98 z\u0142",
    "loyaltyPricePerUnit": null,
    "danNumber": null,
    "aGroupNrOld": null,
    "vat": 23,
    "height": 0,
    "width": 0,
    "depth": 0,
    "weight": 0,
    "category": "Twarz-Piel\u0119gnacja twarzy-Kremy do twarzy"
  },
  {
    "id": 378767,
    "navigateUrl": "/Produkt/Kremy-do-twarzy/Bielenda-Zlote-Ceramidy-przeciwzmarszczkowy-krem-ultra-naprawczy-na-dzien-i-na-noc-70-50-ml,378767,9223",
    "name": "Z\u0142ote Ceramidy",
    "caption": "przeciwzmarszczkowy krem ultra naprawczy na dzie\u0144 i na noc, 70\u002B",
    "unit": "50 ml",
    "brand": "BIELENDA",
    "oldPrice": 24.99,
    "price": 18.99,
    "loyaltyPrice": null,
    "pricePerUnit": "100 ml = 37,98 z\u0142",
    "loyaltyPricePerUnit": null,
    "danNumber": null,
    "aGroupNrOld": null,
    "vat": 23,
    "height": 0,
    "width": 0,
    "depth": 0,
    "weight": 0,
    "category": "Twarz-Piel\u0119gnacja twarzy-Kremy do twarzy"
  },
  {
    "id": 319027,
    "navigateUrl": "/Produkt/Kremy-pod-oczy/Eveline-Cosmetics-bioManuka-Lift-odzywczo-wygladzajacy-krem-kuracja-pod-oczy-i-na-powieki-50-70-20,319027,9224",
    "name": "bioManuka Lift",
    "caption": "od\u017Cywczo-wyg\u0142adzaj\u0105cy krem-kuracja pod oczy i na powieki, 50-70\u002B",
    "unit": "20 ml",
    "brand": "EVELINE COSMETICS",
    "oldPrice": 22.49,
    "price": 16.49,
    "loyaltyPrice": null,
    "pricePerUnit": "100 ml = 82,45 z\u0142",
    "loyaltyPricePerUnit": null,
    "danNumber": null,
    "aGroupNrOld": null,
    "vat": 23,
    "height": 0,
    "width": 0,
    "depth": 0,
    "weight": 0,
    "category": "Twarz-Piel\u0119gnacja twarzy-Kremy pod oczy"
  },
  {
    "id": 319016,
    "navigateUrl": "/Produkt/Kremy-do-twarzy/Eveline-Cosmetics-bioManuka-Lift-ujedrniajacy-krem-kuracja-redukujacy-zmarszczki-na-dzien-i-na-noc-,319016,9223",
    "name": "bioManuka Lift",
    "caption": "uj\u0119drniaj\u0105cy krem-kuracja redukuj\u0105cy zmarszczki na dzie\u0144 i na noc, 50\u002B",
    "unit": "50 ml",
    "brand": "EVELINE COSMETICS",
    "oldPrice": 25.49,
    "price": 18.99,
    "loyaltyPrice": null,
    "pricePerUnit": "100 ml = 37,98 z\u0142",
    "loyaltyPricePerUnit": null,
    "danNumber": null,
    "aGroupNrOld": null,
    "vat": 23,
    "height": 0,
    "width": 0,
    "depth": 0,
    "weight": 0,
    "category": "Twarz-Piel\u0119gnacja twarzy-Kremy do twarzy"
  },
  {
    "id": 319019,
    "navigateUrl": "/Produkt/Kremy-do-twarzy/Eveline-Cosmetics-bioManuka-Lift-liftingujacy-krem-kuracja-modelujacy-owal-twarzy-na-dzien-i-na-noc,319019,9223",
    "name": "bioManuka Lift",
    "caption": "liftinguj\u0105cy krem-kuracja modeluj\u0105cy owal twarzy na dzie\u0144 i na noc, 60\u002B",
    "unit": "50 ml",
    "brand": "EVELINE COSMETICS",
    "oldPrice": 25.49,
    "price": 18.99,
    "loyaltyPrice": null,
    "pricePerUnit": "100 ml = 37,98 z\u0142",
    "loyaltyPricePerUnit": null,
    "danNumber": null,
    "aGroupNrOld": null,
    "vat": 23,
    "height": 0,
    "width": 0,
    "depth": 0,
    "weight": 0,
    "category": "Twarz-Piel\u0119gnacja twarzy-Kremy do twarzy"
  },
  {
    "id": 319026,
    "navigateUrl": "/Produkt/Kremy-do-twarzy/Eveline-Cosmetics-bioManuka-Lift-odbudowujacy-krem-kuracja-przywracajacy-gestosc-skory-na-dzien-i-n,319026,9223",
    "name": "bioManuka Lift",
    "caption": "odbudowuj\u0105cy krem-kuracja przywracaj\u0105cy g\u0119sto\u015B\u0107 sk\u00F3ry na dzie\u0144 i na noc, 70\u002B",
    "unit": "50 ml",
    "brand": "EVELINE COSMETICS",
    "oldPrice": 25.49,
    "price": 18.99,
    "loyaltyPrice": null,
    "pricePerUnit": "100 ml = 37,98 z\u0142",
    "loyaltyPricePerUnit": null,
    "danNumber": null,
    "aGroupNrOld": null,
    "vat": 23,
    "height": 0,
    "width": 0,
    "depth": 0,
    "weight": 0,
    "category": "Twarz-Piel\u0119gnacja twarzy-Kremy do twarzy"
  },
  {
    "id": 276105,
    "navigateUrl": "/Produkt/Kremy-do-twarzy/Nivea-przeciwzmarszczkowy-krem-rewitalizujacy-na-dzien-55-50-ml,276105,9223",
    "name": null,
    "caption": "przeciwzmarszczkowy krem rewitalizuj\u0105cy na dzie\u0144, 55\u002B",
    "unit": "50 ml",
    "brand": "NIVEA",
    "oldPrice": 19.99,
    "price": 15.99,
    "loyaltyPrice": null,
    "pricePerUnit": "100 ml = 31,98 z\u0142",
    "loyaltyPricePerUnit": null,
    "danNumber": null,
    "aGroupNrOld": null,
    "vat": 23,
    "height": 0,
    "width": 0,
    "depth": 0,
    "weight": 0,
    "category": "Twarz-Piel\u0119gnacja twarzy-Kremy do twarzy"
  },
  {
    "id": 276106,
    "navigateUrl": "/Produkt/Kremy-do-twarzy/Nivea-przeciwzmarszczkowy-krem-rewitalizujacy-na-noc-55-50-ml,276106,9223",
    "name": null,
    "caption": "przeciwzmarszczkowy krem rewitalizuj\u0105cy na noc, 55\u002B",
    "unit": "50 ml",
    "brand": "NIVEA",
    "oldPrice": 19.99,
    "price": 15.99,
    "loyaltyPrice": null,
    "pricePerUnit": "100 ml = 31,98 z\u0142",
    "loyaltyPricePerUnit": null,
    "danNumber": null,
    "aGroupNrOld": null,
    "vat": 23,
    "height": 0,
    "width": 0,
    "depth": 0,
    "weight": 0,
    "category": "Twarz-Piel\u0119gnacja twarzy-Kremy do twarzy"
  },
  {
    "id": 370546,
    "navigateUrl": "/Produkt/Serum/Neutrogena-Bright-Boost-rozswietlajace-serum-30-ml,370546,9225",
    "name": "Bright Boost",
    "caption": "roz\u015Bwietlaj\u0105ce serum",
    "unit": "30 ml",
    "brand": "NEUTROGENA",
    "oldPrice": 59.99,
    "price": 44.99,
    "loyaltyPrice": null,
    "pricePerUnit": "1 ml = 1,50 z\u0142",
    "loyaltyPricePerUnit": null,
    "danNumber": null,
    "aGroupNrOld": null,
    "vat": 23,
    "height": 0,
    "width": 0,
    "depth": 0,
    "weight": 0,
    "category": "Twarz-Piel\u0119gnacja twarzy-Serum"
  },
  {
    "id": 370547,
    "navigateUrl": "/Produkt/Kremy-do-twarzy/Neutrogena-Bright-Boost-ochronny-zel-SPF-30-50-ml,370547,9223",
    "name": "Bright Boost",
    "caption": "ochronny \u017Cel SPF 30",
    "unit": "50 ml",
    "brand": "NEUTROGENA",
    "oldPrice": 59.99,
    "price": 44.99,
    "loyaltyPrice": null,
    "pricePerUnit": "1 ml = 0,90 z\u0142",
    "loyaltyPricePerUnit": null,
    "danNumber": null,
    "aGroupNrOld": null,
    "vat": 23,
    "height": 0,
    "width": 0,
    "depth": 0,
    "weight": 0,
    "category": "Twarz-Piel\u0119gnacja twarzy-Kremy do twarzy"
  },
  {
    "id": 370548,
    "navigateUrl": "/Produkt/Kremy-do-twarzy/Neutrogena-Bright-Boost-zel-krem-rozswietlajacy-50-ml,370548,9223",
    "name": "Bright Boost",
    "caption": "\u017Cel krem roz\u015Bwietlaj\u0105cy",
    "unit": "50 ml",
    "brand": "NEUTROGENA",
    "oldPrice": 59.99,
    "price": 44.99,
    "loyaltyPrice": null,
    "pricePerUnit": "1 ml = 0,90 z\u0142",
    "loyaltyPricePerUnit": null,
    "danNumber": null,
    "aGroupNrOld": null,
    "vat": 23,
    "height": 0,
    "width": 0,
    "depth": 0,
    "weight": 0,
    "category": "Twarz-Piel\u0119gnacja twarzy-Kremy do twarzy"
  },
  {
    "id": 284458,
    "navigateUrl": "/Produkt/Serum/Neutrogena-Hydro-Boost-nawadniajacy-booster-serum-do-twarzy-30-ml,284458,9225",
    "name": "Hydro Boost",
    "caption": "nawadniaj\u0105cy booster serum do twarzy",
    "unit": "30 ml",
    "brand": "NEUTROGENA",
    "oldPrice": 53.99,
    "price": 34.99,
    "loyaltyPrice": null,
    "pricePerUnit": "100 ml = 116,63 z\u0142",
    "loyaltyPricePerUnit": null,
    "danNumber": null,
    "aGroupNrOld": null,
    "vat": 23,
    "height": 0,
    "width": 0,
    "depth": 0,
    "weight": 0,
    "category": "Twarz-Piel\u0119gnacja twarzy-Serum"
  },
  {
    "id": 284460,
    "navigateUrl": "/Produkt/Kremy-pod-oczy/Neutrogena-Hydro-Boost-zel-krem-pod-oczy-przeciw-oznakom-zmeczenia-15-ml,284460,9224",
    "name": "Hydro Boost",
    "caption": "\u017Cel-krem pod oczy przeciw oznakom zm\u0119czenia",
    "unit": "15 ml",
    "brand": "NEUTROGENA",
    "oldPrice": 43.99,
    "price": 29.99,
    "loyaltyPrice": null,
    "pricePerUnit": "100 ml = 199,93 z\u0142",
    "loyaltyPricePerUnit": null,
    "danNumber": null,
    "aGroupNrOld": null,
    "vat": 23,
    "height": 0,
    "width": 0,
    "depth": 0,
    "weight": 0,
    "category": "Twarz-Piel\u0119gnacja twarzy-Kremy pod oczy"
  },
  {
    "id": 370544,
    "navigateUrl": "/Produkt/Kremy-do-twarzy/Neutrogena-Hydro-Boost-balsam-regenerujacy-skore-na-dzien-i-na-noc-50-ml,370544,9223",
    "name": "Hydro Boost",
    "caption": "balsam regeneruj\u0105cy sk\u00F3r\u0119 na dzie\u0144 i na noc",
    "unit": "50 ml",
    "brand": "NEUTROGENA",
    "oldPrice": 53.99,
    "price": 34.99,
    "loyaltyPrice": null,
    "pricePerUnit": "1 ml = 0,70 z\u0142",
    "loyaltyPricePerUnit": null,
    "danNumber": null,
    "aGroupNrOld": null,
    "vat": 23,
    "height": 0,
    "width": 0,
    "depth": 0,
    "weight": 0,
    "category": "Twarz-Piel\u0119gnacja twarzy-Kremy do twarzy"
  },
  {
    "id": 284446,
    "navigateUrl": "/Produkt/Kremy-do-twarzy/Neutrogena-Hydro-Boost-nawadniajacy-zel-cera-normalna-i-mieszana-50-ml,284446,9223",
    "name": "Hydro Boost",
    "caption": "nawadniaj\u0105cy \u017Cel, cera normalna i mieszana",
    "unit": "50 ml",
    "brand": "NEUTROGENA",
    "oldPrice": 53.99,
    "price": 34.99,
    "loyaltyPrice": null,
    "pricePerUnit": "100 ml = 69,98 z\u0142",
    "loyaltyPricePerUnit": null,
    "danNumber": null,
    "aGroupNrOld": null,
    "vat": 23,
    "height": 0,
    "width": 0,
    "depth": 0,
    "weight": 0,
    "category": "Twarz-Piel\u0119gnacja twarzy-Kremy do twarzy"
  },
  {
    "id": 284447,
    "navigateUrl": "/Produkt/Kremy-do-twarzy/Neutrogena-Hydro-Boost-nawadniajacy-krem-zel-cera-sucha-50-ml,284447,9223",
    "name": "Hydro Boost",
    "caption": "nawadniaj\u0105cy krem-\u017Cel cera sucha",
    "unit": "50 ml",
    "brand": "NEUTROGENA",
    "oldPrice": 53.99,
    "price": 34.99,
    "loyaltyPrice": null,
    "pricePerUnit": "100 ml = 69,98 z\u0142",
    "loyaltyPricePerUnit": null,
    "danNumber": null,
    "aGroupNrOld": null,
    "vat": 23,
    "height": 0,
    "width": 0,
    "depth": 0,
    "weight": 0,
    "category": "Twarz-Piel\u0119gnacja twarzy-Kremy do twarzy"
  },
  {
    "id": 284454,
    "navigateUrl": "/Produkt/Kremy-do-twarzy/Neutrogena-Hydro-Boost-nawadniajacy-krem-maska-na-noc-50-ml,284454,9223",
    "name": "Hydro Boost",
    "caption": "nawadniaj\u0105cy krem-maska na noc",
    "unit": "50 ml",
    "brand": "NEUTROGENA",
    "oldPrice": 53.99,
    "price": 34.99,
    "loyaltyPrice": null,
    "pricePerUnit": "100 ml = 69,98 z\u0142",
    "loyaltyPricePerUnit": null,
    "danNumber": null,
    "aGroupNrOld": null,
    "vat": 23,
    "height": 0,
    "width": 0,
    "depth": 0,
    "weight": 0,
    "category": "Twarz-Piel\u0119gnacja twarzy-Kremy do twarzy"
  },
  {
    "id": 357402,
    "navigateUrl": "/Produkt/Serum/FaceBoom-korygujaco-rozjasniajace-serum-do-twarzy-cera-mieszana-tlusta-30-ml,357402,9225",
    "name": null,
    "caption": "koryguj\u0105co-rozja\u015Bniaj\u0105ce serum do twarzy cera mieszana/t\u0142usta",
    "unit": "30 ml",
    "brand": "FACEBOOM",
    "oldPrice": 29.99,
    "price": 23.99,
    "loyaltyPrice": null,
    "pricePerUnit": "100 ml = 79,97 z\u0142",
    "loyaltyPricePerUnit": null,
    "danNumber": null,
    "aGroupNrOld": null,
    "vat": 23,
    "height": 0,
    "width": 0,
    "depth": 0,
    "weight": 0,
    "category": "Twarz-Piel\u0119gnacja twarzy-Serum"
  },
  {
    "id": 342741,
    "navigateUrl": "/Produkt/Kremy-do-twarzy/FaceBoom-matujacy-krem-detoksykujacy-na-dzien-i-na-noc-cera-mieszana-i-tlusta-50-ml,342741,9223",
    "name": null,
    "caption": "matuj\u0105cy krem detoksykuj\u0105cy na dzie\u0144 i na noc cera mieszana i t\u0142usta",
    "unit": "50 ml",
    "brand": "FACEBOOM",
    "oldPrice": 27.99,
    "price": 18.99,
    "loyaltyPrice": null,
    "pricePerUnit": "100 ml = 37,98 z\u0142",
    "loyaltyPricePerUnit": null,
    "danNumber": null,
    "aGroupNrOld": null,
    "vat": 23,
    "height": 0,
    "width": 0,
    "depth": 0,
    "weight": 0,
    "category": "Twarz-Piel\u0119gnacja twarzy-Kremy do twarzy"
  },
  {
    "id": 342748,
    "navigateUrl": "/Produkt/Kremy-do-twarzy/FaceBoom-nawilzajacy-krem-kojacy-na-dzien-i-na-noc-cera-odwodniona-i-wrazliwa-50-ml,342748,9223",
    "name": null,
    "caption": "nawil\u017Caj\u0105cy krem koj\u0105cy na dzie\u0144 i na noc cera odwodniona i wra\u017Cliwa",
    "unit": "50 ml",
    "brand": "FACEBOOM",
    "oldPrice": 27.99,
    "price": 18.99,
    "loyaltyPrice": null,
    "pricePerUnit": "100 ml = 37,98 z\u0142",
    "loyaltyPricePerUnit": null,
    "danNumber": null,
    "aGroupNrOld": null,
    "vat": 23,
    "height": 0,
    "width": 0,
    "depth": 0,
    "weight": 0,
    "category": "Twarz-Piel\u0119gnacja twarzy-Kremy do twarzy"
  },
  {
    "id": 366276,
    "navigateUrl": "/Produkt/Kremy-do-twarzy/FaceBoom-Superstar-nawilzajacy-krem-rozswietlajacy-do-twarzy-i-pod-oczy-kazdy-rodzaj-cery-50-ml,366276,9223",
    "name": "Superstar",
    "caption": "nawil\u017Caj\u0105cy krem roz\u015Bwietlaj\u0105cy do twarzy i pod oczy, ka\u017Cdy rodzaj cery",
    "unit": "50 ml",
    "brand": "FACEBOOM",
    "oldPrice": 27.99,
    "price": 18.99,
    "loyaltyPrice": null,
    "pricePerUnit": "100 ml = 37,98 z\u0142",
    "loyaltyPricePerUnit": null,
    "danNumber": null,
    "aGroupNrOld": null,
    "vat": 23,
    "height": 0,
    "width": 0,
    "depth": 0,
    "weight": 0,
    "category": "Twarz-Piel\u0119gnacja twarzy-Kremy do twarzy---"
  },
  {
    "id": 366860,
    "navigateUrl": "/Produkt/Kremy-pod-oczy/Alterra-krem-pod-oczy-15-ml,366860,9224",
    "name": null,
    "caption": "krem pod oczy",
    "unit": "15 ml",
    "brand": "ALTERRA",
    "oldPrice": 13.79,
    "price": 10.29,
    "loyaltyPrice": null,
    "pricePerUnit": "100 ml = 68,60 z\u0142",
    "loyaltyPricePerUnit": null,
    "danNumber": null,
    "aGroupNrOld": null,
    "vat": 23,
    "height": 0,
    "width": 0,
    "depth": 0,
    "weight": 0,
    "category": "Twarz-Piel\u0119gnacja twarzy-Kremy pod oczy"
  },
  {
    "id": 366550,
    "navigateUrl": "/Produkt/Kremy-do-twarzy/Alterra-krem-na-dzien-skora-wrazliwa-50-ml,366550,9223",
    "name": null,
    "caption": "krem na dzie\u0144 sk\u00F3ra wra\u017Cliwa",
    "unit": "50 ml",
    "brand": "ALTERRA",
    "oldPrice": 12.79,
    "price": 9.49,
    "loyaltyPrice": null,
    "pricePerUnit": "100 ml = 18,98 z\u0142",
    "loyaltyPricePerUnit": null,
    "danNumber": null,
    "aGroupNrOld": null,
    "vat": 23,
    "height": 0,
    "width": 0,
    "depth": 0,
    "weight": 0,
    "category": "Twarz-Piel\u0119gnacja twarzy-Kremy do twarzy"
  },
  {
    "id": 366539,
    "navigateUrl": "/Produkt/Kremy-pod-oczy/Alterra-aloesowe-serum-pod-oczy-15-ml,366539,9224",
    "name": null,
    "caption": "aloesowe serum pod oczy",
    "unit": "15 ml",
    "brand": "ALTERRA",
    "oldPrice": 13.79,
    "price": 10.29,
    "loyaltyPrice": null,
    "pricePerUnit": "100 ml = 20,58 z\u0142",
    "loyaltyPricePerUnit": null,
    "danNumber": null,
    "aGroupNrOld": null,
    "vat": 23,
    "height": 0,
    "width": 0,
    "depth": 0,
    "weight": 0,
    "category": "Twarz-Piel\u0119gnacja twarzy-Kremy pod oczy"
  },
  {
    "id": 366542,
    "navigateUrl": "/Produkt/Kremy-do-twarzy/Alterra-krem-na-dzien-skora-sucha-i-wrazliwa-aloes-50-ml,366542,9223",
    "name": null,
    "caption": "krem na dzie\u0144 sk\u00F3ra sucha i wra\u017Cliwa, aloes",
    "unit": "50 ml",
    "brand": "ALTERRA",
    "oldPrice": 12.79,
    "price": 9.49,
    "loyaltyPrice": null,
    "pricePerUnit": "100 ml = 18,98 z\u0142",
    "loyaltyPricePerUnit": null,
    "danNumber": null,
    "aGroupNrOld": null,
    "vat": 23,
    "height": 0,
    "width": 0,
    "depth": 0,
    "weight": 0,
    "category": "Twarz-Piel\u0119gnacja twarzy-Kremy do twarzy"
  },
  {
    "id": 366543,
    "navigateUrl": "/Produkt/Kremy-do-twarzy/Alterra-krem-na-noc-skora-sucha-i-wrazliwa-aloes-50-ml,366543,9223",
    "name": null,
    "caption": "krem na noc sk\u00F3ra sucha i wra\u017Cliwa, aloes",
    "unit": "50 ml",
    "brand": "ALTERRA",
    "oldPrice": 12.79,
    "price": 9.49,
    "loyaltyPrice": null,
    "pricePerUnit": "100 ml = 18,98 z\u0142",
    "loyaltyPricePerUnit": null,
    "danNumber": null,
    "aGroupNrOld": null,
    "vat": 23,
    "height": 0,
    "width": 0,
    "depth": 0,
    "weight": 0,
    "category": "Twarz-Piel\u0119gnacja twarzy-Kremy do twarzy"
  },
  {
    "id": 378856,
    "navigateUrl": "/Produkt/Serum/FaceBoom-Seboom-serum-udoskonalajace-z-korygujacym-pigmentem-30-ml,378856,9225",
    "name": "Seboom",
    "caption": "serum udoskonalaj\u0105ce, z koryguj\u0105cym pigmentem",
    "unit": "30 ml",
    "brand": "FACEBOOM",
    "oldPrice": 29.99,
    "price": 19.99,
    "loyaltyPrice": null,
    "pricePerUnit": "100 ml = 66,63 z\u0142",
    "loyaltyPricePerUnit": null,
    "danNumber": null,
    "aGroupNrOld": null,
    "vat": 23,
    "height": 0,
    "width": 0,
    "depth": 0,
    "weight": 0,
    "category": "Twarz-Piel\u0119gnacja twarzy-Serum"
  },
  {
    "id": 378855,
    "navigateUrl": "/Produkt/Peelingi-do-twarzy/FaceBoom-Seboom-lotion-punktowy-na-niedoskonalosci-15-g,378855,8695",
    "name": "Seboom",
    "caption": "lotion punktowy, na niedoskona\u0142o\u015Bci",
    "unit": "15 g",
    "brand": "FACEBOOM",
    "oldPrice": 29.99,
    "price": 19.99,
    "loyaltyPrice": null,
    "pricePerUnit": "1 g = 1,33 z\u0142",
    "loyaltyPricePerUnit": null,
    "danNumber": null,
    "aGroupNrOld": null,
    "vat": 23,
    "height": 0,
    "width": 0,
    "depth": 0,
    "weight": 0,
    "category": "Twarz-Oczyszczanie i demakija\u017C-Peelingi do twarzy"
  },
  {
    "id": 378232,
    "navigateUrl": "/Produkt/Plyny-micelarne/FaceBoom-Seboom-woda-micelarna-matujaca-500-ml,378232,8770",
    "name": "Seboom",
    "caption": "woda micelarna matuj\u0105ca",
    "unit": "500 ml",
    "brand": "FACEBOOM",
    "oldPrice": 24.49,
    "price": 15.99,
    "loyaltyPrice": null,
    "pricePerUnit": "100 ml = 3,20 z\u0142",
    "loyaltyPricePerUnit": null,
    "danNumber": null,
    "aGroupNrOld": null,
    "vat": 23,
    "height": 0,
    "width": 0,
    "depth": 0,
    "weight": 0,
    "category": "Twarz-Oczyszczanie i demakija\u017C-P\u0142yny micelarne"
  },
  {
    "id": 378236,
    "navigateUrl": "/Produkt/Zele-i-pianki-do-twarzy/FaceBoom-Seboom-zel-do-mycia-twarzy-normalizujaco-matujacy-200-g,378236,8690",
    "name": "Seboom",
    "caption": "\u017Cel do mycia twarzy normalizuj\u0105co-matuj\u0105cy",
    "unit": "200 g",
    "brand": "FACEBOOM",
    "oldPrice": 25.99,
    "price": 16.99,
    "loyaltyPrice": null,
    "pricePerUnit": "1 g = 0,08 z\u0142",
    "loyaltyPricePerUnit": null,
    "danNumber": null,
    "aGroupNrOld": null,
    "vat": 23,
    "height": 0,
    "width": 0,
    "depth": 0,
    "weight": 0,
    "category": "Twarz-Oczyszczanie i demakija\u017C-\u017Bele i pianki do twarzy"
  },
  {
    "id": 378234,
    "navigateUrl": "/Produkt/Mleczka/FaceBoom-Seboom-zel-mleczko-do-demakijazu-45-g,378234,8689",
    "name": "Seboom",
    "caption": "\u017Cel-mleczko do demakija\u017Cu",
    "unit": "45 g",
    "brand": "FACEBOOM",
    "oldPrice": 31.99,
    "price": 21.99,
    "loyaltyPrice": null,
    "pricePerUnit": "1 g = 0,49 z\u0142",
    "loyaltyPricePerUnit": null,
    "danNumber": null,
    "aGroupNrOld": null,
    "vat": 23,
    "height": 0,
    "width": 0,
    "depth": 0,
    "weight": 0,
    "category": "Twarz-Oczyszczanie i demakija\u017C-Mleczka"
  },
  {
    "id": 378233,
    "navigateUrl": "/Produkt/Peelingi-do-twarzy/FaceBoom-Seboom-peeling-kwasowy-wygladzajacy-10-minutowy-30-g,378233,8695",
    "name": "Seboom",
    "caption": "peeling kwasowy wyg\u0142adzaj\u0105cy, 10 minutowy",
    "unit": "30 g",
    "brand": "FACEBOOM",
    "oldPrice": 27.99,
    "price": 18.99,
    "loyaltyPrice": null,
    "pricePerUnit": "1 g = 0,63 z\u0142",
    "loyaltyPricePerUnit": null,
    "danNumber": null,
    "aGroupNrOld": null,
    "vat": 23,
    "height": 0,
    "width": 0,
    "depth": 0,
    "weight": 0,
    "category": "Twarz-Oczyszczanie i demakija\u017C-Peelingi do twarzy"
  },
  {
    "id": 378237,
    "navigateUrl": "/Produkt/Toniki-do-twarzy/FaceBoom-Seboom-tonik-normalizujacy-200-ml,378237,8692",
    "name": "Seboom",
    "caption": "tonik normalizuj\u0105cy",
    "unit": "200 ml",
    "brand": "FACEBOOM",
    "oldPrice": 19.99,
    "price": 12.99,
    "loyaltyPrice": null,
    "pricePerUnit": "100 ml = 6,50 z\u0142",
    "loyaltyPricePerUnit": null,
    "danNumber": null,
    "aGroupNrOld": null,
    "vat": 23,
    "height": 0,
    "width": 0,
    "depth": 0,
    "weight": 0,
    "category": "Twarz-Oczyszczanie i demakija\u017C-Toniki do twarzy"
  },
  {
    "id": 378231,
    "navigateUrl": "/Produkt/Kremy-do-twarzy/FaceBoom-Seboom-nawilzajacy-krem-matujacy-na-dzien-50-ml,378231,9223",
    "name": "Seboom",
    "caption": "nawil\u017Caj\u0105cy krem matuj\u0105cy na dzie\u0144",
    "unit": "50 ml",
    "brand": "FACEBOOM",
    "oldPrice": 27.99,
    "price": 18.99,
    "loyaltyPrice": null,
    "pricePerUnit": "100 ml = 37,98 z\u0142",
    "loyaltyPricePerUnit": null,
    "danNumber": null,
    "aGroupNrOld": null,
    "vat": 23,
    "height": 0,
    "width": 0,
    "depth": 0,
    "weight": 0,
    "category": "Twarz-Piel\u0119gnacja twarzy-Kremy do twarzy"
  },
  {
    "id": 378230,
    "navigateUrl": "/Produkt/Kremy-do-twarzy/FaceBoom-Seboom-krem-mikrozluszczajacy-na-noc-50-ml,378230,9223",
    "name": "Seboom",
    "caption": "krem mikroz\u0142uszczaj\u0105cy na noc",
    "unit": "50 ml",
    "brand": "FACEBOOM",
    "oldPrice": 27.99,
    "price": 18.99,
    "loyaltyPrice": null,
    "pricePerUnit": "100 ml = 37,98 z\u0142",
    "loyaltyPricePerUnit": null,
    "danNumber": null,
    "aGroupNrOld": null,
    "vat": 23,
    "height": 0,
    "width": 0,
    "depth": 0,
    "weight": 0,
    "category": "Twarz-Piel\u0119gnacja twarzy-Kremy do twarzy"
  },
  {
    "id": 378235,
    "navigateUrl": "/Produkt/Maseczki/FaceBoom-Seboom-maseczka-normalizujaco-matujaca-45-g,378235,9226",
    "name": "Seboom",
    "caption": "maseczka normalizuj\u0105co-matuj\u0105ca",
    "unit": "45 g",
    "brand": "FACEBOOM",
    "oldPrice": 19.99,
    "price": 12.99,
    "loyaltyPrice": null,
    "pricePerUnit": "1 g = 0,29 z\u0142",
    "loyaltyPricePerUnit": null,
    "danNumber": null,
    "aGroupNrOld": null,
    "vat": 23,
    "height": 0,
    "width": 0,
    "depth": 0,
    "weight": 0,
    "category": "Twarz-Piel\u0119gnacja twarzy-Maseczki"
  },
  {
    "id": 372138,
    "navigateUrl": "/Produkt/Zele-i-pianki-do-twarzy/OnSkin-by-Biotaniqe-lagodny-zel-oczyszczajacy-do-twarzy-150-ml,372138,8690",
    "name": null,
    "caption": "\u0142agodny \u017Cel oczyszczaj\u0105cy do twarzy",
    "unit": "150 ml",
    "brand": "ONSKIN BY BIOTANIQE",
    "oldPrice": 16.99,
    "price": 12.99,
    "loyaltyPrice": null,
    "pricePerUnit": "100 ml = 8,66 z\u0142",
    "loyaltyPricePerUnit": null,
    "danNumber": null,
    "aGroupNrOld": null,
    "vat": 23,
    "height": 0,
    "width": 0,
    "depth": 0,
    "weight": 0,
    "category": "Twarz-Oczyszczanie i demakija\u017C-\u017Bele i pianki do twarzy"
  },
  {
    "id": 382298,
    "navigateUrl": "/Produkt/Peelingi-do-twarzy/OnSkin-by-Biotaniqe-peeling-enzymatyczny-75-ml,382298,8695",
    "name": null,
    "caption": "peeling enzymatyczny ",
    "unit": "75 ml",
    "brand": "ONSKIN BY BIOTANIQE",
    "oldPrice": 17.99,
    "price": 13.99,
    "loyaltyPrice": null,
    "pricePerUnit": "100 ml = 18,65 z\u0142",
    "loyaltyPricePerUnit": null,
    "danNumber": null,
    "aGroupNrOld": null,
    "vat": 23,
    "height": 0,
    "width": 0,
    "depth": 0,
    "weight": 0,
    "category": "Twarz-Oczyszczanie i demakija\u017C-Peelingi do twarzy"
  },
  {
    "id": 382296,
    "navigateUrl": "/Produkt/Toniki-do-twarzy/OnSkin-by-Biotaniqe-tonik-oczyszczajacy-150-ml,382296,8692",
    "name": null,
    "caption": "tonik oczyszczaj\u0105cy ",
    "unit": "150 ml",
    "brand": "ONSKIN BY BIOTANIQE",
    "oldPrice": 17.99,
    "price": 13.99,
    "loyaltyPrice": null,
    "pricePerUnit": "100 ml = 9,33 z\u0142",
    "loyaltyPricePerUnit": null,
    "danNumber": null,
    "aGroupNrOld": null,
    "vat": 23,
    "height": 0,
    "width": 0,
    "depth": 0,
    "weight": 0,
    "category": "Twarz-Oczyszczanie i demakija\u017C-Toniki do twarzy"
  },
  {
    "id": 382245,
    "navigateUrl": "/Produkt/Serum/OnSkin-by-Biotaniqe-serum-przeciw-niedoskonalosciom-cera-problematyczna-20-ml,382245,9225",
    "name": null,
    "caption": "serum przeciw niedoskona\u0142o\u015Bciom cera problematyczna",
    "unit": "20 ml",
    "brand": "ONSKIN BY BIOTANIQE",
    "oldPrice": 26.99,
    "price": 21.99,
    "loyaltyPrice": null,
    "pricePerUnit": "100 ml = 109,95 z\u0142",
    "loyaltyPricePerUnit": null,
    "danNumber": null,
    "aGroupNrOld": null,
    "vat": 23,
    "height": 0,
    "width": 0,
    "depth": 0,
    "weight": 0,
    "category": "Twarz-Piel\u0119gnacja twarzy-Serum"
  },
  {
    "id": 382242,
    "navigateUrl": "/Produkt/Kremy-do-twarzy/OnSkin-by-Biotaniqe-nawilzajacy-krem-matujacy-na-dzien-i-na-noc-50-ml,382242,9223",
    "name": null,
    "caption": "nawil\u017Caj\u0105cy krem matuj\u0105cy na dzie\u0144 i na noc",
    "unit": "50 ml",
    "brand": "ONSKIN BY BIOTANIQE",
    "oldPrice": 21.99,
    "price": 16.99,
    "loyaltyPrice": null,
    "pricePerUnit": "100 ml = 33,98 z\u0142",
    "loyaltyPricePerUnit": null,
    "danNumber": null,
    "aGroupNrOld": null,
    "vat": 23,
    "height": 0,
    "width": 0,
    "depth": 0,
    "weight": 0,
    "category": "Twarz-Piel\u0119gnacja twarzy-Kremy do twarzy"
  },
  {
    "id": 382243,
    "navigateUrl": "/Produkt/Kremy-do-twarzy/OnSkin-by-Biotaniqe-krem-przeciw-niedoskonalosciom-na-dzien-i-na-noc-50-ml,382243,9223",
    "name": null,
    "caption": "krem przeciw niedoskona\u0142o\u015Bciom na dzie\u0144 i na noc",
    "unit": "50 ml",
    "brand": "ONSKIN BY BIOTANIQE",
    "oldPrice": 21.99,
    "price": 16.99,
    "loyaltyPrice": null,
    "pricePerUnit": "100 ml = 33,98 z\u0142",
    "loyaltyPricePerUnit": null,
    "danNumber": null,
    "aGroupNrOld": null,
    "vat": 23,
    "height": 0,
    "width": 0,
    "depth": 0,
    "weight": 0,
    "category": "Twarz-Piel\u0119gnacja twarzy-Kremy do twarzy"
  },
  {
    "id": 357980,
    "navigateUrl": "/Produkt/Plyny-micelarne/Neutrogena-Clear-Soothe-zel-micelarny-kurkuma-200-ml,357980,8770",
    "name": "Clear \u0026 Soothe",
    "caption": "\u017Cel micelarny kurkuma",
    "unit": "200 ml",
    "brand": "NEUTROGENA",
    "oldPrice": 21.99,
    "price": 14.99,
    "loyaltyPrice": null,
    "pricePerUnit": "100 ml = 7,50 z\u0142",
    "loyaltyPricePerUnit": null,
    "danNumber": null,
    "aGroupNrOld": null,
    "vat": 23,
    "height": 0,
    "width": 0,
    "depth": 0,
    "weight": 0,
    "category": "Twarz-Oczyszczanie i demakija\u017C-P\u0142yny micelarne"
  },
  {
    "id": 357981,
    "navigateUrl": "/Produkt/Toniki-do-twarzy/Neutrogena-Clear-Soothe-mgielka-do-twarzy-z-kurkuma-125-ml,357981,8692",
    "name": "Clear \u0026 Soothe",
    "caption": "mgie\u0142ka do twarzy z kurkum\u0105",
    "unit": "125 ml",
    "brand": "NEUTROGENA",
    "oldPrice": 21.99,
    "price": 14.99,
    "loyaltyPrice": null,
    "pricePerUnit": "100 ml = 11,99 z\u0142",
    "loyaltyPricePerUnit": null,
    "danNumber": null,
    "aGroupNrOld": null,
    "vat": 23,
    "height": 0,
    "width": 0,
    "depth": 0,
    "weight": 0,
    "category": "Twarz-Oczyszczanie i demakija\u017C-Toniki do twarzy"
  },
  {
    "id": 357982,
    "navigateUrl": "/Produkt/Kremy-do-twarzy/Neutrogena-Clear-Soothe-krem-nawilzajacy-z-kurkuma-75-ml,357982,9223",
    "name": "Clear \u0026 Soothe",
    "caption": "krem nawil\u017Caj\u0105cy z kurkum\u0105",
    "unit": "75 ml",
    "brand": "NEUTROGENA",
    "oldPrice": 21.99,
    "price": 14.99,
    "loyaltyPrice": null,
    "pricePerUnit": "100 ml = 19,99 z\u0142",
    "loyaltyPricePerUnit": null,
    "danNumber": null,
    "aGroupNrOld": null,
    "vat": 23,
    "height": 0,
    "width": 0,
    "depth": 0,
    "weight": 0,
    "category": "Twarz-Piel\u0119gnacja twarzy-Kremy do twarzy"
  },
  {
    "id": 251082,
    "navigateUrl": "/Produkt/Zele-i-pianki-do-twarzy/Selfie-Project-zel-do-mycia-twarzy-250-ml,251082,8690",
    "name": null,
    "caption": "\u017Cel do mycia twarzy",
    "unit": "250 ml",
    "brand": "SELFIE PROJECT",
    "oldPrice": 17.49,
    "price": 10.99,
    "loyaltyPrice": null,
    "pricePerUnit": "100 ml = 4,40 z\u0142",
    "loyaltyPricePerUnit": null,
    "danNumber": null,
    "aGroupNrOld": null,
    "vat": 23,
    "height": 0,
    "width": 0,
    "depth": 0,
    "weight": 0,
    "category": "Twarz-Oczyszczanie i demakija\u017C-\u017Bele i pianki do twarzy"
  },
  {
    "id": 269028,
    "navigateUrl": "/Produkt/Peelingi-do-twarzy/Selfie-Project-aktywny-peeling-myjacy-150-ml,269028,8695",
    "name": null,
    "caption": "aktywny peeling myj\u0105cy",
    "unit": "150 ml",
    "brand": "SELFIE PROJECT",
    "oldPrice": 17.49,
    "price": 10.99,
    "loyaltyPrice": null,
    "pricePerUnit": "100 ml = 7,33 z\u0142",
    "loyaltyPricePerUnit": null,
    "danNumber": null,
    "aGroupNrOld": null,
    "vat": 23,
    "height": 0,
    "width": 0,
    "depth": 0,
    "weight": 0,
    "category": "Twarz-Oczyszczanie i demakija\u017C-Peelingi do twarzy"
  },
  {
    "id": 251085,
    "navigateUrl": "/Produkt/Kremy-do-twarzy/Selfie-Project-matujacy-krem-nawilzajacy-na-dzien-i-na-noc-50-ml,251085,9223",
    "name": null,
    "caption": "matuj\u0105cy krem nawil\u017Caj\u0105cy na dzie\u0144 i na noc",
    "unit": "50 ml",
    "brand": "SELFIE PROJECT",
    "oldPrice": 19.99,
    "price": 12.99,
    "loyaltyPrice": null,
    "pricePerUnit": "100 ml = 25,98 z\u0142",
    "loyaltyPricePerUnit": null,
    "danNumber": null,
    "aGroupNrOld": null,
    "vat": 23,
    "height": 0,
    "width": 0,
    "depth": 0,
    "weight": 0,
    "category": "Twarz-Piel\u0119gnacja twarzy-Kremy do twarzy"
  },
  {
    "id": 180432,
    "navigateUrl": "/Produkt/Toniki-do-twarzy/Barwa-Siarkowa-tonik-siarkowy-pielegnacja-antytradzikowa-200-ml,180432,8692",
    "name": null,
    "caption": "tonik siarkowy piel\u0119gnacja antytr\u0105dzikowa",
    "unit": "200 ml",
    "brand": "BARWA SIARKOWA",
    "oldPrice": 18.49,
    "price": 12.99,
    "loyaltyPrice": null,
    "pricePerUnit": "100 ml = 6,50 z\u0142",
    "loyaltyPricePerUnit": null,
    "danNumber": null,
    "aGroupNrOld": null,
    "vat": 23,
    "height": 0,
    "width": 0,
    "depth": 0,
    "weight": 0,
    "category": "Twarz-Oczyszczanie i demakija\u017C-Toniki do twarzy"
  },
  {
    "id": 120061,
    "navigateUrl": "/Produkt/Kremy-do-twarzy/Barwa-Siarkowa-siarkowy-krem-matujacy-antytradzikowy-50-ml,120061,9223",
    "name": null,
    "caption": "siarkowy krem matuj\u0105cy antytr\u0105dzikowy",
    "unit": "50 ml",
    "brand": "BARWA SIARKOWA",
    "oldPrice": 19.99,
    "price": 13.99,
    "loyaltyPrice": null,
    "pricePerUnit": "100 ml = 27,98 z\u0142",
    "loyaltyPricePerUnit": null,
    "danNumber": null,
    "aGroupNrOld": null,
    "vat": 23,
    "height": 0,
    "width": 0,
    "depth": 0,
    "weight": 0,
    "category": "Twarz-Piel\u0119gnacja twarzy-Kremy do twarzy"
  },
  {
    "id": 200860,
    "navigateUrl": "/Produkt/Kremy-do-twarzy/Barwa-Siarkowa-siarkowy-krem-nawilzajacy-50-ml,200860,9223",
    "name": null,
    "caption": "siarkowy krem nawil\u017Caj\u0105cy",
    "unit": "50 ml",
    "brand": "BARWA SIARKOWA",
    "oldPrice": 19.99,
    "price": 13.99,
    "loyaltyPrice": null,
    "pricePerUnit": "100 ml = 27,98 z\u0142",
    "loyaltyPricePerUnit": null,
    "danNumber": null,
    "aGroupNrOld": null,
    "vat": 23,
    "height": 0,
    "width": 0,
    "depth": 0,
    "weight": 0,
    "category": "Twarz-Piel\u0119gnacja twarzy-Kremy do twarzy"
  },
  {
    "id": 211825,
    "navigateUrl": "/Produkt/Plyny-micelarne/Garnier-Czysta-Skora-plyn-micelarny-3w1-dla-cery-tlustej-ze-sklonnoscia-do-niedoskonalosci-400-ml,211825,8770",
    "name": "Czysta Sk\u00F3ra",
    "caption": "p\u0142yn micelarny 3w1 dla cery t\u0142ustej ze sk\u0142onno\u015Bci\u0105 do niedoskona\u0142o\u015Bci",
    "unit": "400 ml",
    "brand": "GARNIER",
    "oldPrice": 21.99,
    "price": 15.49,
    "loyaltyPrice": null,
    "pricePerUnit": "100 ml = 3,87 z\u0142",
    "loyaltyPricePerUnit": null,
    "danNumber": null,
    "aGroupNrOld": null,
    "vat": 23,
    "height": 0,
    "width": 0,
    "depth": 0,
    "weight": 0,
    "category": "Twarz-Oczyszczanie i demakija\u017C-P\u0142yny micelarne"
  },
  {
    "id": 45690,
    "navigateUrl": "/Produkt/Zele-i-pianki-do-twarzy/Garnier-Czysta-Skora-3w1-zel-myjacy-peeling-maseczka-150-ml,45690,8690",
    "name": "Czysta Sk\u00F3ra",
    "caption": "3w1 \u017Cel myj\u0105cy\u002Bpeeling\u002B maseczka",
    "unit": "150 ml",
    "brand": "GARNIER",
    "oldPrice": 19.99,
    "price": 13.99,
    "loyaltyPrice": null,
    "pricePerUnit": "100 ml = 9,33 z\u0142",
    "loyaltyPricePerUnit": null,
    "danNumber": null,
    "aGroupNrOld": null,
    "vat": 23,
    "height": 0,
    "width": 0,
    "depth": 0,
    "weight": 0,
    "category": "Twarz-Oczyszczanie i demakija\u017C-\u017Bele i pianki do twarzy"
  },
  {
    "id": 17334,
    "navigateUrl": "/Produkt/Zele-i-pianki-do-twarzy/Garnier-Czysta-Skora-zel-oczyszczajacy-do-cery-tlustej-ze-sklonnoscia-do-niedoskonalosci-200-ml,17334,8690",
    "name": "Czysta Sk\u00F3ra",
    "caption": "\u017Cel oczyszczaj\u0105cy do cery t\u0142ustej ze sk\u0142onno\u015Bci\u0105 do niedoskona\u0142o\u015Bci",
    "unit": "200 ml",
    "brand": "GARNIER",
    "oldPrice": 10.99,
    "price": 7.99,
    "loyaltyPrice": null,
    "pricePerUnit": "100 ml = 4,00 z\u0142",
    "loyaltyPricePerUnit": null,
    "danNumber": null,
    "aGroupNrOld": null,
    "vat": 23,
    "height": 0,
    "width": 0,
    "depth": 0,
    "weight": 0,
    "category": "Twarz-Oczyszczanie i demakija\u017C-\u017Bele i pianki do twarzy"
  },
  {
    "id": 14430,
    "navigateUrl": "/Produkt/Toniki-do-twarzy/Garnier-Czysta-Skora-matujacy-tonik-zwezajacy-pory-do-cery-mieszanej-tlustej-i-z-niedoskonalosciami,14430,8692",
    "name": "Czysta Sk\u00F3ra",
    "caption": "matuj\u0105cy tonik zw\u0119\u017Caj\u0105cy pory do cery mieszanej, t\u0142ustej i z niedoskona\u0142o\u015Bciami",
    "unit": "200 ml",
    "brand": "GARNIER",
    "oldPrice": 10.99,
    "price": 7.99,
    "loyaltyPrice": null,
    "pricePerUnit": "100 ml = 4,00 z\u0142",
    "loyaltyPricePerUnit": null,
    "danNumber": null,
    "aGroupNrOld": null,
    "vat": 23,
    "height": 0,
    "width": 0,
    "depth": 0,
    "weight": 0,
    "category": "Twarz-Oczyszczanie i demakija\u017C-Toniki do twarzy"
  },
  {
    "id": 357713,
    "navigateUrl": "/Produkt/Zele-i-pianki-do-twarzy/Ziaja-Jeju-biale-mydlo-do-twarzy-przeciw-sebum-75-ml,357713,8690",
    "name": "Jeju",
    "caption": "bia\u0142e myd\u0142o do twarzy przeciw sebum",
    "unit": "75 ml",
    "brand": "ZIAJA",
    "oldPrice": 7.99,
    "price": 5.59,
    "loyaltyPrice": null,
    "pricePerUnit": "100 ml = 7,45 z\u0142",
    "loyaltyPricePerUnit": null,
    "danNumber": null,
    "aGroupNrOld": null,
    "vat": 23,
    "height": 0,
    "width": 0,
    "depth": 0,
    "weight": 0,
    "category": "Twarz-Oczyszczanie i demakija\u017C-\u017Bele i pianki do twarzy"
  },
  {
    "id": 357712,
    "navigateUrl": "/Produkt/Zele-i-pianki-do-twarzy/Ziaja-Jeju-pasta-w-czarne-kropki-przeciw-zaskornikom-75-ml,357712,8690",
    "name": "Jeju",
    "caption": "pasta w czarne kropki przeciw zask\u00F3rnikom",
    "unit": "75 ml",
    "brand": "ZIAJA",
    "oldPrice": 7.99,
    "price": 5.59,
    "loyaltyPrice": null,
    "pricePerUnit": "100 ml = 7,45 z\u0142",
    "loyaltyPricePerUnit": null,
    "danNumber": null,
    "aGroupNrOld": null,
    "vat": 23,
    "height": 0,
    "width": 0,
    "depth": 0,
    "weight": 0,
    "category": "Twarz-Oczyszczanie i demakija\u017C-\u017Bele i pianki do twarzy"
  },
  {
    "id": 357711,
    "navigateUrl": "/Produkt/Toniki-do-twarzy/Ziaja-Jeju-tonik-do-twarzy-200-ml,357711,8692",
    "name": "Jeju",
    "caption": "tonik do twarzy",
    "unit": "200 ml",
    "brand": "ZIAJA",
    "oldPrice": 7.99,
    "price": 5.59,
    "loyaltyPrice": null,
    "pricePerUnit": "100 ml = 2,80 z\u0142",
    "loyaltyPricePerUnit": null,
    "danNumber": null,
    "aGroupNrOld": null,
    "vat": 23,
    "height": 0,
    "width": 0,
    "depth": 0,
    "weight": 0,
    "category": "Twarz-Oczyszczanie i demakija\u017C-Toniki do twarzy"
  },
  {
    "id": 45245,
    "navigateUrl": "/Produkt/Pudry/Isana-puder-kompakt-naturalny-9-g,45245,8546",
    "name": null,
    "caption": "puder kompakt, naturalny",
    "unit": "9 g",
    "brand": "ISANA",
    "oldPrice": 11.49,
    "price": 7.99,
    "loyaltyPrice": null,
    "pricePerUnit": "100 g = 88,78 z\u0142",
    "loyaltyPricePerUnit": null,
    "danNumber": null,
    "aGroupNrOld": null,
    "vat": 23,
    "height": 0,
    "width": 0,
    "depth": 0,
    "weight": 0,
    "category": "Makija\u017C-Twarz-Pudry"
  },
  {
    "id": 251566,
    "navigateUrl": "/Produkt/Pudry/Isana-puder-2w1-Sredni-9-g,251566,8546",
    "name": null,
    "caption": "puder 2w1 \u015Aredni",
    "unit": "9 g",
    "brand": "ISANA",
    "oldPrice": 11.79,
    "price": 8.29,
    "loyaltyPrice": null,
    "pricePerUnit": "100 g = 92,11 z\u0142",
    "loyaltyPricePerUnit": null,
    "danNumber": null,
    "aGroupNrOld": null,
    "vat": 23,
    "height": 0,
    "width": 0,
    "depth": 0,
    "weight": 0,
    "category": "Makija\u017C-Twarz-Pudry"
  },
  {
    "id": 251571,
    "navigateUrl": "/Produkt/Pudry/Isana-puder-2w1-Jasny-9-g,251571,8546",
    "name": null,
    "caption": "puder 2w1 Jasny",
    "unit": "9 g",
    "brand": "ISANA",
    "oldPrice": 11.79,
    "price": 8.29,
    "loyaltyPrice": null,
    "pricePerUnit": "100 g = 92,11 z\u0142",
    "loyaltyPricePerUnit": null,
    "danNumber": null,
    "aGroupNrOld": null,
    "vat": 23,
    "height": 0,
    "width": 0,
    "depth": 0,
    "weight": 0,
    "category": "Makija\u017C-Twarz-Pudry"
  },
  {
    "id": 45247,
    "navigateUrl": "/Produkt/Pudry/Isana-puder-kompakt-piasek-9-g,45247,8546",
    "name": null,
    "caption": "puder kompakt, piasek",
    "unit": "9 g",
    "brand": "ISANA",
    "oldPrice": 11.49,
    "price": 7.99,
    "loyaltyPrice": null,
    "pricePerUnit": "100 g = 88,78 z\u0142",
    "loyaltyPricePerUnit": null,
    "danNumber": null,
    "aGroupNrOld": null,
    "vat": 23,
    "height": 0,
    "width": 0,
    "depth": 0,
    "weight": 0,
    "category": "Makija\u017C-Twarz-Pudry"
  },
  {
    "id": 251086,
    "navigateUrl": "/Produkt/Peelingi-do-twarzy/Selfie-Project-ultra-oczyszczajace-plastry-na-nos-4-szt,251086,8695",
    "name": null,
    "caption": "ultra oczyszczaj\u0105ce plastry na nos",
    "unit": "4 szt.",
    "brand": "SELFIE PROJECT",
    "oldPrice": 12.99,
    "price": 7.99,
    "loyaltyPrice": null,
    "pricePerUnit": "100 szt. = 199,75 z\u0142",
    "loyaltyPricePerUnit": null,
    "danNumber": null,
    "aGroupNrOld": null,
    "vat": 23,
    "height": 0,
    "width": 0,
    "depth": 0,
    "weight": 0,
    "category": "Twarz-Oczyszczanie i demakija\u017C-Peelingi do twarzy"
  },
  {
    "id": 372411,
    "navigateUrl": "/Produkt/Peelingi-do-twarzy/Selfie-Project-punktowe-gwiazdki-przeciw-wypryskom-20-szt,372411,8695",
    "name": null,
    "caption": "punktowe gwiazdki przeciw wypryskom",
    "unit": "20 szt.",
    "brand": "SELFIE PROJECT",
    "oldPrice": 12.99,
    "price": 7.99,
    "loyaltyPrice": null,
    "pricePerUnit": "1 szt. = 0,40 z\u0142",
    "loyaltyPricePerUnit": null,
    "danNumber": null,
    "aGroupNrOld": null,
    "vat": 23,
    "height": 0,
    "width": 0,
    "depth": 0,
    "weight": 0,
    "category": "Twarz-Oczyszczanie i demakija\u017C-Peelingi do twarzy"
  },
  {
    "id": 372412,
    "navigateUrl": "/Produkt/Peelingi-do-twarzy/Selfie-Project-oczyszczajace-plastry-na-nos-3-szt,372412,8695",
    "name": null,
    "caption": "oczyszczaj\u0105ce plastry na nos",
    "unit": "3 szt.",
    "brand": "SELFIE PROJECT",
    "oldPrice": 12.99,
    "price": 7.99,
    "loyaltyPrice": null,
    "pricePerUnit": "1 szt. = 2,66 z\u0142",
    "loyaltyPricePerUnit": null,
    "danNumber": null,
    "aGroupNrOld": null,
    "vat": 23,
    "height": 0,
    "width": 0,
    "depth": 0,
    "weight": 0,
    "category": "Twarz-Oczyszczanie i demakija\u017C-Peelingi do twarzy"
  },
  {
    "id": 247068,
    "navigateUrl": "/Produkt/Maseczki/Bielenda-Carbo-Detox-oczyszczajaca-maska-weglowa-cera-mieszana-i-tlusta-8-g,247068,9226",
    "name": "Carbo Detox",
    "caption": "oczyszczaj\u0105ca maska w\u0119glowa cera mieszana i t\u0142usta",
    "unit": "8 g",
    "brand": "BIELENDA",
    "oldPrice": 3.19,
    "price": 2.39,
    "loyaltyPrice": null,
    "pricePerUnit": "100 g = 23,90 z\u0142",
    "loyaltyPricePerUnit": null,
    "danNumber": null,
    "aGroupNrOld": null,
    "vat": 23,
    "height": 0,
    "width": 0,
    "depth": 0,
    "weight": 0,
    "category": "Twarz-Piel\u0119gnacja twarzy-Maseczki"
  },
  {
    "id": 269029,
    "navigateUrl": "/Produkt/Peelingi-do-twarzy/Selfie-Project-czarna-maska-peel-off-50-g,269029,8695",
    "name": null,
    "caption": "czarna maska peel-off",
    "unit": "50 g",
    "brand": "SELFIE PROJECT",
    "oldPrice": 22.49,
    "price": 13.99,
    "loyaltyPrice": null,
    "pricePerUnit": "100 g = 27,98 z\u0142",
    "loyaltyPricePerUnit": null,
    "danNumber": null,
    "aGroupNrOld": null,
    "vat": 23,
    "height": 0,
    "width": 0,
    "depth": 0,
    "weight": 0,
    "category": "Twarz-Oczyszczanie i demakija\u017C-Peelingi do twarzy"
  },
  {
    "id": 370539,
    "navigateUrl": "/Produkt/Maseczki/Garnier-Pure-Active-oczyszczajaca-maska-na-tkaninie-przeciw-niedoskonalosciom-1-szt,370539,9226",
    "name": "Pure Active",
    "caption": "oczyszczaj\u0105ca maska na tkaninie przeciw niedoskona\u0142o\u015Bciom",
    "unit": "1 szt.",
    "brand": "GARNIER",
    "oldPrice": 12.49,
    "price": 8.79,
    "loyaltyPrice": null,
    "pricePerUnit": "100 g = 38,22 z\u0142",
    "loyaltyPricePerUnit": null,
    "danNumber": null,
    "aGroupNrOld": null,
    "vat": 23,
    "height": 0,
    "width": 0,
    "depth": 0,
    "weight": 0,
    "category": "Twarz-Piel\u0119gnacja twarzy-Maseczki"
  },
  {
    "id": 379120,
    "navigateUrl": "/Produkt/Peelingi-do-twarzy/Selfie-Project-serduszka-punktowe-na-wypryski-20-szt,379120,8695",
    "name": null,
    "caption": "serduszka punktowe na wypryski",
    "unit": "20 szt.",
    "brand": "SELFIE PROJECT",
    "oldPrice": 14.99,
    "price": 8.99,
    "loyaltyPrice": null,
    "pricePerUnit": "1 szt. = 0,45 z\u0142",
    "loyaltyPricePerUnit": null,
    "danNumber": null,
    "aGroupNrOld": null,
    "vat": 23,
    "height": 0,
    "width": 0,
    "depth": 0,
    "weight": 0,
    "category": "Twarz-Oczyszczanie i demakija\u017C-Peelingi do twarzy"
  },
  {
    "id": 379107,
    "navigateUrl": "/Produkt/Maseczki/OnSkin-by-Biotaniqe-nawilzajaca-maska-na-tkaninie-1-szt,379107,9226",
    "name": null,
    "caption": "nawil\u017Caj\u0105ca maska na tkaninie",
    "unit": "1 szt.",
    "brand": "ONSKIN BY BIOTANIQE",
    "oldPrice": 9.99,
    "price": 6.49,
    "loyaltyPrice": null,
    "pricePerUnit": "100 ml = 43,27 z\u0142",
    "loyaltyPricePerUnit": null,
    "danNumber": null,
    "aGroupNrOld": null,
    "vat": 23,
    "height": 0,
    "width": 0,
    "depth": 0,
    "weight": 0,
    "category": "Twarz-Piel\u0119gnacja twarzy-Maseczki"
  },
  {
    "id": 379115,
    "navigateUrl": "/Produkt/Maseczki/OnSkin-by-Biotaniqe-regenerujaca-maska-na-tkaninie-1-szt,379115,9226",
    "name": null,
    "caption": "regeneruj\u0105ca maska na tkaninie",
    "unit": "1 szt.",
    "brand": "ONSKIN BY BIOTANIQE",
    "oldPrice": 9.99,
    "price": 7.49,
    "loyaltyPrice": null,
    "pricePerUnit": "100 ml = 49,93 z\u0142",
    "loyaltyPricePerUnit": null,
    "danNumber": null,
    "aGroupNrOld": null,
    "vat": 23,
    "height": 0,
    "width": 0,
    "depth": 0,
    "weight": 0,
    "category": "Twarz-Piel\u0119gnacja twarzy-Maseczki"
  },
  {
    "id": 372407,
    "navigateUrl": "/Produkt/Maseczki/Selfie-Project-Galaxy-Masks-oczyszczajaca-maseczka-peel-off-12-ml,372407,9226",
    "name": "Galaxy Masks",
    "caption": "oczyszczaj\u0105ca maseczka peel-off",
    "unit": "12 ml",
    "brand": "SELFIE PROJECT",
    "oldPrice": 5.99,
    "price": 3.79,
    "loyaltyPrice": null,
    "pricePerUnit": "100 ml = 31,58 z\u0142",
    "loyaltyPricePerUnit": null,
    "danNumber": null,
    "aGroupNrOld": null,
    "vat": 23,
    "height": 0,
    "width": 0,
    "depth": 0,
    "weight": 0,
    "category": "Twarz-Piel\u0119gnacja twarzy-Maseczki"
  },
  {
    "id": 269228,
    "navigateUrl": "/Produkt/Maseczki/Bielenda-Carbo-Detox-oczyszczajaca-maska-weglowa-peel-off-2x6g,269228,9226",
    "name": "Carbo Detox",
    "caption": "oczyszczaj\u0105ca maska w\u0119glowa, peel off",
    "unit": "2x6g",
    "brand": "BIELENDA",
    "oldPrice": 4.99,
    "price": 3.69,
    "loyaltyPrice": null,
    "pricePerUnit": "100 g = 36,90 z\u0142",
    "loyaltyPricePerUnit": null,
    "danNumber": null,
    "aGroupNrOld": null,
    "vat": 23,
    "height": 0,
    "width": 0,
    "depth": 0,
    "weight": 0,
    "category": "Twarz-Piel\u0119gnacja twarzy-Maseczki"
  },
  {
    "id": 382867,
    "navigateUrl": "/Produkt/Serum/Q-A-olejek-do-twarzy-skwalan-30-ml,382867,9225",
    "name": null,
    "caption": "olejek do twarzy (skwalan)",
    "unit": "30 ml",
    "brand": "Q\u002BA",
    "oldPrice": 59.99,
    "price": 44.99,
    "loyaltyPrice": null,
    "pricePerUnit": "100 ml = 149,97 z\u0142",
    "loyaltyPricePerUnit": null,
    "danNumber": null,
    "aGroupNrOld": null,
    "vat": 23,
    "height": 0,
    "width": 0,
    "depth": 0,
    "weight": 0,
    "category": "Twarz-Piel\u0119gnacja twarzy-Serum"
  },
  {
    "id": 382864,
    "navigateUrl": "/Produkt/Serum/Q-A-olejek-do-twarzy-Super-Food-30-ml,382864,9225",
    "name": null,
    "caption": "olejek do twarzy Super Food",
    "unit": "30 ml",
    "brand": "Q\u002BA",
    "oldPrice": 49.99,
    "price": 36.99,
    "loyaltyPrice": null,
    "pricePerUnit": "100 ml = 123,30 z\u0142",
    "loyaltyPricePerUnit": null,
    "danNumber": null,
    "aGroupNrOld": null,
    "vat": 23,
    "height": 0,
    "width": 0,
    "depth": 0,
    "weight": 0,
    "category": "Twarz-Piel\u0119gnacja twarzy-Serum"
  },
  {
    "id": 382863,
    "navigateUrl": "/Produkt/Serum/Q-A-serum-do-twarzy-z-cynkiem-PCA-30-ml,382863,9225",
    "name": null,
    "caption": "serum do twarzy z cynkiem PCA",
    "unit": "30 ml",
    "brand": "Q\u002BA",
    "oldPrice": 49.99,
    "price": 36.99,
    "loyaltyPrice": null,
    "pricePerUnit": "100 ml = 123,30 z\u0142",
    "loyaltyPricePerUnit": null,
    "danNumber": null,
    "aGroupNrOld": null,
    "vat": 23,
    "height": 0,
    "width": 0,
    "depth": 0,
    "weight": 0,
    "category": "Twarz-Piel\u0119gnacja twarzy-Serum"
  },
  {
    "id": 382861,
    "navigateUrl": "/Produkt/Serum/Q-A-serum-do-twarzy-z-peptydami-30-ml,382861,9225",
    "name": null,
    "caption": "serum do twarzy z peptydami",
    "unit": "30 ml",
    "brand": "Q\u002BA",
    "oldPrice": 49.99,
    "price": 36.99,
    "loyaltyPrice": null,
    "pricePerUnit": "100 ml = 123,30 z\u0142",
    "loyaltyPricePerUnit": null,
    "danNumber": null,
    "aGroupNrOld": null,
    "vat": 23,
    "height": 0,
    "width": 0,
    "depth": 0,
    "weight": 0,
    "category": "Twarz-Piel\u0119gnacja twarzy-Serum"
  },
  {
    "id": 382859,
    "navigateUrl": "/Produkt/Serum/Q-A-serum-do-twarzy-z-kwasem-hialuronowym-30-ml,382859,9225",
    "name": null,
    "caption": "serum do twarzy z kwasem hialuronowym",
    "unit": "30 ml",
    "brand": "Q\u002BA",
    "oldPrice": 39.99,
    "price": 29.99,
    "loyaltyPrice": null,
    "pricePerUnit": "100 ml = 99,97 z\u0142",
    "loyaltyPricePerUnit": null,
    "danNumber": null,
    "aGroupNrOld": null,
    "vat": 23,
    "height": 0,
    "width": 0,
    "depth": 0,
    "weight": 0,
    "category": "Twarz-Piel\u0119gnacja twarzy-Serum"
  },
  {
    "id": 382873,
    "navigateUrl": "/Produkt/Kremy-pod-oczy/Q-A-zel-pod-oczy-z-peptydami-z-alg-morskich-15-ml,382873,9224",
    "name": null,
    "caption": "\u017Cel pod oczy z peptydami z alg morskich",
    "unit": "15 ml",
    "brand": "Q\u002BA",
    "oldPrice": 39.99,
    "price": 29.99,
    "loyaltyPrice": null,
    "pricePerUnit": "100 ml = 199,93 z\u0142",
    "loyaltyPricePerUnit": null,
    "danNumber": null,
    "aGroupNrOld": null,
    "vat": 23,
    "height": 0,
    "width": 0,
    "depth": 0,
    "weight": 0,
    "category": "Twarz-Piel\u0119gnacja twarzy-Kremy pod oczy"
  },
  {
    "id": 379783,
    "navigateUrl": "/Produkt/Plyny-micelarne/Lift4Skin-Beauty-Booster-plyn-micelarny-do-demakijazu-twarzy-i-oczu-400-ml,379783,8770",
    "name": "Beauty Booster",
    "caption": "p\u0142yn micelarny do demakija\u017Cu twarzy i oczu",
    "unit": "400 ml",
    "brand": "LIFT4SKIN",
    "oldPrice": 23.99,
    "price": 17.99,
    "loyaltyPrice": null,
    "pricePerUnit": "100 ml = 4,50 z\u0142",
    "loyaltyPricePerUnit": null,
    "danNumber": null,
    "aGroupNrOld": null,
    "vat": 23,
    "height": 0,
    "width": 0,
    "depth": 0,
    "weight": 0,
    "category": "Twarz-Oczyszczanie i demakija\u017C-P\u0142yny micelarne"
  },
  {
    "id": 382860,
    "navigateUrl": "/Produkt/Serum/Q-A-serum-pod-oczy-z-kofeina-15ml,382860,9225",
    "name": null,
    "caption": "serum pod oczy z kofein\u0105",
    "unit": "15ml",
    "brand": "Q\u002BA",
    "oldPrice": 39.99,
    "price": 29.99,
    "loyaltyPrice": null,
    "pricePerUnit": "100 ml = 199,93 z\u0142",
    "loyaltyPricePerUnit": null,
    "danNumber": null,
    "aGroupNrOld": null,
    "vat": 23,
    "height": 0,
    "width": 0,
    "depth": 0,
    "weight": 0,
    "category": "Twarz-Piel\u0119gnacja twarzy-Serum"
  },
  {
    "id": 382862,
    "navigateUrl": "/Produkt/Kremy-do-twarzy/Q-A-krem-do-twarzy-z-kolagenem-50-ml,382862,9223",
    "name": null,
    "caption": "krem do twarzy z kolagenem",
    "unit": "50 ml",
    "brand": "Q\u002BA",
    "oldPrice": 64.99,
    "price": 48.99,
    "loyaltyPrice": null,
    "pricePerUnit": "100 ml = 97,98 z\u0142",
    "loyaltyPricePerUnit": null,
    "danNumber": null,
    "aGroupNrOld": null,
    "vat": 23,
    "height": 0,
    "width": 0,
    "depth": 0,
    "weight": 0,
    "category": "Twarz-Piel\u0119gnacja twarzy-Kremy do twarzy"
  },
  {
    "id": 382865,
    "navigateUrl": "/Produkt/Kremy-do-twarzy/Q-A-krem-do-twarzy-z-imbirem-75-ml,382865,9223",
    "name": null,
    "caption": "krem do twarzy z imbirem",
    "unit": "75 ml",
    "brand": "Q\u002BA",
    "oldPrice": 49.99,
    "price": 36.99,
    "loyaltyPrice": null,
    "pricePerUnit": "100 ml = 49,32 z\u0142",
    "loyaltyPricePerUnit": null,
    "danNumber": null,
    "aGroupNrOld": null,
    "vat": 23,
    "height": 0,
    "width": 0,
    "depth": 0,
    "weight": 0,
    "category": "Twarz-Piel\u0119gnacja twarzy-Kremy do twarzy"
  },
  {
    "id": 290022,
    "navigateUrl": "/Produkt/Plyny-micelarne/Nivea-Linia-Profesjonalna-profesjonalny-dwufazowy-plyn-MicellAIR-400-ml,290022,8770",
    "name": "Linia Profesjonalna",
    "caption": "profesjonalny dwufazowy p\u0142yn MicellAIR",
    "unit": "400 ml",
    "brand": "NIVEA",
    "oldPrice": 25.99,
    "price": 16.99,
    "loyaltyPrice": null,
    "pricePerUnit": "100 ml = 4,25 z\u0142",
    "loyaltyPricePerUnit": null,
    "danNumber": null,
    "aGroupNrOld": null,
    "vat": 23,
    "height": 0,
    "width": 0,
    "depth": 0,
    "weight": 0,
    "category": "Twarz-Oczyszczanie i demakija\u017C-P\u0142yny micelarne"
  },
  {
    "id": 382866,
    "navigateUrl": "/Produkt/Kremy-do-twarzy/Q-A-krem-do-twarzy-i-szyi-5-HTP-50-ml,382866,9223",
    "name": null,
    "caption": "krem do twarzy i szyi 5-HTP",
    "unit": "50 ml",
    "brand": "Q\u002BA",
    "oldPrice": 64.99,
    "price": 48.99,
    "loyaltyPrice": null,
    "pricePerUnit": "100 ml = 97,98 z\u0142",
    "loyaltyPricePerUnit": null,
    "danNumber": null,
    "aGroupNrOld": null,
    "vat": 23,
    "height": 0,
    "width": 0,
    "depth": 0,
    "weight": 0,
    "category": "Twarz-Piel\u0119gnacja twarzy-Kremy do twarzy"
  },
  {
    "id": 382868,
    "navigateUrl": "/Produkt/Kremy-do-twarzy/Q-A-krem-do-twarzy-do-twarzy-z-rumiankiem-50-ml,382868,9223",
    "name": null,
    "caption": "krem do twarzy do twarzy z rumiankiem",
    "unit": "50 ml",
    "brand": "Q\u002BA",
    "oldPrice": 64.99,
    "price": 48.99,
    "loyaltyPrice": null,
    "pricePerUnit": "100 ml = 97,98 z\u0142",
    "loyaltyPricePerUnit": null,
    "danNumber": null,
    "aGroupNrOld": null,
    "vat": 23,
    "height": 0,
    "width": 0,
    "depth": 0,
    "weight": 0,
    "category": "Twarz-Piel\u0119gnacja twarzy-Kremy do twarzy"
  },
  {
    "id": 381306,
    "navigateUrl": "/Produkt/Plyny-micelarne/AA-Pure-Derma-kojaca-woda-micelarna-400-ml,381306,8770",
    "name": "Pure Derma",
    "caption": "koj\u0105ca woda micelarna",
    "unit": "400 ml",
    "brand": "AA",
    "oldPrice": 19.99,
    "price": 15.99,
    "loyaltyPrice": null,
    "pricePerUnit": "100 ml = 4,00 z\u0142",
    "loyaltyPricePerUnit": null,
    "danNumber": null,
    "aGroupNrOld": null,
    "vat": 23,
    "height": 0,
    "width": 0,
    "depth": 0,
    "weight": 0,
    "category": "Twarz-Oczyszczanie i demakija\u017C-P\u0142yny micelarne"
  },
  {
    "id": 357679,
    "navigateUrl": "/Produkt/Kremy-do-twarzy/beBio-Ewa-Chodakowska-naturalny-krem-odzywczo-regenerujacy-na-dzien-50-ml,357679,9223",
    "name": "Ewa Chodakowska",
    "caption": "naturalny krem od\u017Cywczo-regeneruj\u0105cy na dzie\u0144",
    "unit": "50 ml",
    "brand": "BEBIO",
    "oldPrice": 42.99,
    "price": 31.99,
    "loyaltyPrice": null,
    "pricePerUnit": "100 ml = 63,98 z\u0142",
    "loyaltyPricePerUnit": null,
    "danNumber": null,
    "aGroupNrOld": null,
    "vat": 23,
    "height": 0,
    "width": 0,
    "depth": 0,
    "weight": 0,
    "category": "Twarz-Piel\u0119gnacja twarzy-Kremy do twarzy"
  },
  {
    "id": 381307,
    "navigateUrl": "/Produkt/Plyny-micelarne/AA-Pure-Derma-normalizujaca-woda-micelarna-400-ml,381307,8770",
    "name": "Pure Derma",
    "caption": "normalizuj\u0105ca woda micelarna",
    "unit": "400 ml",
    "brand": "AA",
    "oldPrice": 19.99,
    "price": 15.99,
    "loyaltyPrice": null,
    "pricePerUnit": "100 ml = 4,00 z\u0142",
    "loyaltyPricePerUnit": null,
    "danNumber": null,
    "aGroupNrOld": null,
    "vat": 23,
    "height": 0,
    "width": 0,
    "depth": 0,
    "weight": 0,
    "category": "Twarz-Oczyszczanie i demakija\u017C-P\u0142yny micelarne"
  },
  {
    "id": 357680,
    "navigateUrl": "/Produkt/Kremy-do-twarzy/beBio-Ewa-Chodakowska-naturalny-krem-odzywczo-regenerujacy-na-noc-50-ml,357680,9223",
    "name": "Ewa Chodakowska",
    "caption": "naturalny krem od\u017Cywczo-regeneruj\u0105cy na noc",
    "unit": "50 ml",
    "brand": "BEBIO",
    "oldPrice": 42.99,
    "price": 31.99,
    "loyaltyPrice": null,
    "pricePerUnit": "100 ml = 63,98 z\u0142",
    "loyaltyPricePerUnit": null,
    "danNumber": null,
    "aGroupNrOld": null,
    "vat": 23,
    "height": 0,
    "width": 0,
    "depth": 0,
    "weight": 0,
    "category": "Twarz-Piel\u0119gnacja twarzy-Kremy do twarzy"
  }
]